@ARTICLE{2025arXiv250701343C,
       author = {{Choi}, Yumi and {Olsen}, Knut A.~G. and {Carlin}, Jeffrey L. and {Yuankun} and {Wang} and {Moolekamp}, Fred and {Saha}, Abi and {Sullivan}, Ian and {Slater}, Colin T. and {Tucker}, Douglas L. and {Adair}, Christina L. and {Ferguson}, Peter S. and {Kang}, Yijung and {Pe{\~n}a Ram{\'\i}rez}, Karla and {Rabus}, Markus},
        title = "{47 Tuc in Rubin Data Preview 1: Exploring Early LSST Data and Science Potential}",
      journal = {arXiv e-prints},
     keywords = {Solar and Stellar Astrophysics, Astrophysics of Galaxies, Instrumentation and Methods for Astrophysics},
         year = 2025,
        month = jul,
          eid = {arXiv:2507.01343},
        pages = {arXiv:2507.01343},
          doi = {10.48550/arXiv.2507.01343},
archivePrefix = {arXiv},
       eprint = {2507.01343},
 primaryClass = {astro-ph.SR},
       adsurl = {https://ui.adsabs.harvard.edu/abs/2025arXiv250701343C},
      adsnote = {Provided by the SAO/NASA Astrophysics Data System}
}



@ARTICLE{2025ApJ...979..164C,
       author = {{Cerny}, W. and {Chiti}, A. and {Geha}, M. and {Mutlu-Pakdil}, B. and {Drlica-Wagner}, A. and {Tan}, C.~Y. and {Adam{\'o}w}, M. and {Pace}, A.~B. and {Simon}, J.~D. and {Sand}, D.~J. and {Ji}, A.~P. and {Li}, T.~S. and {Vivas}, A.~K. and {Bell}, E.~F. and {Carlin}, J.~L. and {Carballo-Bello}, J.~A. and {Chaturvedi}, A. and {Choi}, Y. and {Doliva-Dolinsky}, A. and {Gnedin}, O.~Y. and {Limberg}, G. and {Mart{\'\i}nez-V{\'a}zquez}, C.~E. and {Mau}, S. and {Medina}, G.~E. and {Navabi}, M. and {No{\"e}l}, N.~E.~D. and {Placco}, V.~M. and {Riley}, A.~H. and {Roederer}, I.~U. and {Stringfellow}, G.~S. and {Bom}, C.~R. and {Ferguson}, P.~S. and {James}, D.~J. and {Mart{\'\i}nez-Delgado}, D. and {Massana}, P. and {Nidever}, D.~L. and {Sakowska}, J.~D. and {Santana-Silva}, L. and {Sherman}, N.~F. and {Tollerud}, E.~J.},
        title = "{Discovery and Spectroscopic Confirmation of Aquarius III: A Low-mass Milky Way Satellite Galaxy}",
      journal = {\apj},
     keywords = {Dwarf galaxies, Milky Way Galaxy, Local Group, 416, 1054, 929, Astrophysics - Astrophysics of Galaxies},
         year = 2025,
        month = feb,
       volume = {979},
       number = {2},
          eid = {164},
        pages = {164},
          doi = {10.3847/1538-4357/ad8eba},
archivePrefix = {arXiv},
       eprint = {2410.00981},
 primaryClass = {astro-ph.GA},
       adsurl = {https://ui.adsabs.harvard.edu/abs/2025ApJ...979..164C},
      adsnote = {Provided by the SAO/NASA Astrophysics Data System}
}



@ARTICLE{2025RNAAS...9..161C,
       author = {{Carlin}, Jeffrey L. and {Ferguson}, Peter S. and {Vivas}, A. Katherina and {Caplar}, Neven and {Malanchev}, Konstantin},
        title = "{An Outer-disk SX Phe Variable Star in Rubin Data Preview 1}",
      journal = {Research Notes of the American Astronomical Society},
     keywords = {Light curves, Sky surveys, Pulsating variable stars, SX Phoenicis variable stars, 918, 1464, 1307, 1673, Astrophysics of Galaxies, Solar and Stellar Astrophysics},
         year = 2025,
        month = jul,
       volume = {9},
       number = {7},
          eid = {161},
        pages = {161},
          doi = {10.3847/2515-5172/adeab0},
archivePrefix = {arXiv},
       eprint = {2507.00192},
 primaryClass = {astro-ph.GA},
       adsurl = {https://ui.adsabs.harvard.edu/abs/2025RNAAS...9..161C},
      adsnote = {Provided by the SAO/NASA Astrophysics Data System}
}



@ARTICLE{2025arXiv250403593B,
       author = {{Barbosa}, Fabr{\'\i}cia O. and {Chiti}, Anirudh and {Limberg}, Guilherme and {Pace}, Andrew and {Cerny}, William and {Rossi}, Silvia and {Carlin}, Jeffrey L. and {Stringfellow}, Guy and {Placco}, Vinicius and {Atzerberg}, Kaia and {Carballo-Bello}, Julio A. and {Chaturvedi}, Astha and {Choi}, Yumi and {Crnojevic}, Denija and {Drlica-Wagner}, Alex and {Ji}, Alexander and {Kallivayalil}, Nitya and {Mart{\'\i}nez-V{\'a}zquez}, Clara and {Medina}, Gustavo and {Noel}, Noelia and {Sand}, David and {Vivas}, Kathy and {Bom}, Clecio and {Ferguson}, Peter and {Mutlu-Pakdil}, Bur{\c{c}}in and {Navabi}, Mahdieh and {Riley}, Alexander H. and {Sakowska}, Joanna and {Zenteno}, Alfredo},
        title = "{The DECam MAGIC Survey: A Wide-field Photometric Metallicity Study of the Sculptor Dwarf Spheroidal Galaxy}",
      journal = {arXiv e-prints},
     keywords = {Astrophysics of Galaxies, Solar and Stellar Astrophysics},
         year = 2025,
        month = apr,
          eid = {arXiv:2504.03593},
        pages = {arXiv:2504.03593},
          doi = {10.48550/arXiv.2504.03593},
archivePrefix = {arXiv},
       eprint = {2504.03593},
 primaryClass = {astro-ph.GA},
       adsurl = {https://ui.adsabs.harvard.edu/abs/2025arXiv250403593B},
      adsnote = {Provided by the SAO/NASA Astrophysics Data System}
}



@ARTICLE{2025ApJ...979..176T,
       author = {{Tan}, C.~Y. and {Cerny}, W. and {Drlica-Wagner}, A. and {Pace}, A.~B. and {Geha}, M. and {Ji}, A.~P. and {Li}, T.~S. and {Adam{\'o}w}, M. and {Anbajagane}, D. and {Bom}, C.~R. and {Carballo-Bello}, J.~A. and {Carlin}, J.~L. and {Chang}, C. and {Chaturvedi}, A. and {Chiti}, A. and {Choi}, Y. and {Collins}, M.~L.~M. and {Doliva-Dolinsky}, A. and {Ferguson}, P.~S. and {Gruendl}, R.~A. and {James}, D.~J. and {Limberg}, G. and {Navabi}, M. and {Mart{\'\i}nez-Delgado}, D. and {Mart{\'\i}nez-V{\'a}zquez}, C.~E. and {Medina}, G.~E. and {Mutlu-Pakdil}, B. and {Nidever}, D.~L. and {No{\"e}l}, N.~E.~D. and {Riley}, A.~H. and {Sakowska}, J.~D. and {Sand}, D.~J. and {Sharp}, J. and {Stringfellow}, G.~S. and {Tolley}, C. and {Tucker}, D.~L. and {Vivas}, A.~K. and {Delve Collaboration}},
        title = "{A Pride of Satellites in the Constellation Leo? Discovery of the Leo VI Milky Way Satellite Ultra-faint Dwarf Galaxy with DELVE Early Data Release 3}",
      journal = {\apj},
     keywords = {Dwarf galaxies, Surveys, 416, 1671, Astrophysics - Astrophysics of Galaxies},
         year = 2025,
        month = feb,
       volume = {979},
       number = {2},
          eid = {176},
        pages = {176},
          doi = {10.3847/1538-4357/ad9b0c},
archivePrefix = {arXiv},
       eprint = {2408.00865},
 primaryClass = {astro-ph.GA},
       adsurl = {https://ui.adsabs.harvard.edu/abs/2025ApJ...979..176T},
      adsnote = {Provided by the SAO/NASA Astrophysics Data System}
}



@ARTICLE{2025arXiv250621841P,
       author = {{Pace}, A.~B. and {Li}, T.~S. and {Ji}, A.~P. and {Simon}, J.~D. and {Cerny}, W. and {Senkevich}, A.~M. and {Drlica-Wagner}, A. and {Bechtol}, K. and {Tan}, C.~Y. and {Chiti}, A. and {Erkal}, D. and {Mart{\'\i}nez-V{\'a}zquez}, C.~E. and {Ferguson}, P.~S. and {Kron}, R.~G. and {Atzberger}, K R. and {Chaturvedi}, A. and {Frieman}, J.~A. and {Kallivayalil}, N. and {Limberg}, G. and {Medina}, G.~E. and {Placco}, V.~M. and {Riley}, A.~H. and {Sand}, D.~J. and {Stringfellow}, G.~S. and {van der Marel}, R.~P. and {Carballo-Bello}, J.~A. and {Choi}, Y. and {Crnojevi{\'c}}, D. and {Massana}, P. and {Mutlu-Pakdil}, B. and {Navabi}, M. and {No{\"e}l}, N.~E.~D. and {Sakowska}, J.~D.},
        title = "{Spectroscopic Analysis of Pictor II: a very low metallicity ultra-faint dwarf galaxy bound to the Large Magellanic Cloud}",
      journal = {arXiv e-prints},
     keywords = {Astrophysics of Galaxies},
         year = 2025,
        month = jun,
          eid = {arXiv:2506.21841},
        pages = {arXiv:2506.21841},
          doi = {10.48550/arXiv.2506.21841},
archivePrefix = {arXiv},
       eprint = {2506.21841},
 primaryClass = {astro-ph.GA},
       adsurl = {https://ui.adsabs.harvard.edu/abs/2025arXiv250621841P},
      adsnote = {Provided by the SAO/NASA Astrophysics Data System}
}



@ARTICLE{2023ApJ...953....1C,
       author = {{Cerny}, W. and {Mart{\'\i}nez-V{\'a}zquez}, C.~E. and {Drlica-Wagner}, A. and {Pace}, A.~B. and {Mutlu-Pakdil}, B. and {Li}, T.~S. and {Riley}, A.~H. and {Crnojevi{\'c}}, D. and {Bom}, C.~R. and {Carballo-Bello}, J.~A. and {Carlin}, J.~L. and {Chiti}, A. and {Choi}, Y. and {Collins}, M.~L.~M. and {Darragh-Ford}, E. and {Ferguson}, P.~S. and {Geha}, M. and {Mart{\'\i}nez-Delgado}, D. and {Massana}, P. and {Mau}, S. and {Medina}, G.~E. and {Mu{\~n}oz}, R.~R. and {Nadler}, E.~O. and {No{\"e}l}, N.~E.~D. and {Olsen}, K.~A.~G. and {Pieres}, A. and {Sakowska}, J.~D. and {Simon}, J.~D. and {Stringfellow}, G.~S. and {Tollerud}, E.~J. and {Vivas}, A.~K. and {Walker}, A.~R. and {Wechsler}, R.~H. and {Delve Collaboration}},
        title = "{Six More Ultra-faint Milky Way Companions Discovered in the DECam Local Volume Exploration Survey}",
      journal = {\apj},
     keywords = {Star clusters, Dwarf galaxies, Sky surveys, 1567, 416, 1464, Astrophysics - Astrophysics of Galaxies},
         year = 2023,
        month = aug,
       volume = {953},
       number = {1},
          eid = {1},
        pages = {1},
          doi = {10.3847/1538-4357/acdd78},
archivePrefix = {arXiv},
       eprint = {2209.12422},
 primaryClass = {astro-ph.GA},
       adsurl = {https://ui.adsabs.harvard.edu/abs/2023ApJ...953....1C},
      adsnote = {Provided by the SAO/NASA Astrophysics Data System}
}



@ARTICLE{2018ApJ...862..114S,
       author = {{Shipp}, N. and {Drlica-Wagner}, A. and {Balbinot}, E. and {Ferguson}, P. and {Erkal}, D. and {Li}, T.~S. and {Bechtol}, K. and {Belokurov}, V. and {Buncher}, B. and {Carollo}, D. and {Carrasco Kind}, M. and {Kuehn}, K. and {Marshall}, J.~L. and {Pace}, A.~B. and {Rykoff}, E.~S. and {Sevilla-Noarbe}, I. and {Sheldon}, E. and {Strigari}, L. and {Vivas}, A.~K. and {Yanny}, B. and {Zenteno}, A. and {Abbott}, T.~M.~C. and {Abdalla}, F.~B. and {Allam}, S. and {Avila}, S. and {Bertin}, E. and {Brooks}, D. and {Burke}, D.~L. and {Carretero}, J. and {Castander}, F.~J. and {Cawthon}, R. and {Crocce}, M. and {Cunha}, C.~E. and {D'Andrea}, C.~B. and {da Costa}, L.~N. and {Davis}, C. and {De Vicente}, J. and {Desai}, S. and {Diehl}, H.~T. and {Doel}, P. and {Evrard}, A.~E. and {Flaugher}, B. and {Fosalba}, P. and {Frieman}, J. and {Garc{\'\i}a-Bellido}, J. and {Gaztanaga}, E. and {Gerdes}, D.~W. and {Gruen}, D. and {Gruendl}, R.~A. and {Gschwend}, J. and {Gutierrez}, G. and {Hartley}, W. and {Honscheid}, K. and {Hoyle}, B. and {James}, D.~J. and {Johnson}, M.~D. and {Krause}, E. and {Kuropatkin}, N. and {Lahav}, O. and {Lin}, H. and {Maia}, M.~A.~G. and {March}, M. and {Martini}, P. and {Menanteau}, F. and {Miller}, C.~J. and {Miquel}, R. and {Nichol}, R.~C. and {Plazas}, A.~A. and {Romer}, A.~K. and {Sako}, M. and {Sanchez}, E. and {Santiago}, B. and {Scarpine}, V. and {Schindler}, R. and {Schubnell}, M. and {Smith}, M. and {Smith}, R.~C. and {Sobreira}, F. and {Suchyta}, E. and {Swanson}, M.~E.~C. and {Tarle}, G. and {Thomas}, D. and {Tucker}, D.~L. and {Walker}, A.~R. and {Wechsler}, R.~H. and {DES Collaboration}},
        title = "{Stellar Streams Discovered in the Dark Energy Survey}",
      journal = {\apj},
     keywords = {Galaxy: halo, Galaxy: structure, Local Group, Astrophysics - Astrophysics of Galaxies, Astrophysics - Cosmology and Nongalactic Astrophysics},
         year = 2018,
        month = aug,
       volume = {862},
       number = {2},
          eid = {114},
        pages = {114},
          doi = {10.3847/1538-4357/aacdab},
archivePrefix = {arXiv},
       eprint = {1801.03097},
 primaryClass = {astro-ph.GA},
       adsurl = {https://ui.adsabs.harvard.edu/abs/2018ApJ...862..114S},
      adsnote = {Provided by the SAO/NASA Astrophysics Data System}
}



@ARTICLE{2025arXiv250711629C,
       author = {{Chiti}, A. and {Tavangar}, K. and {Ferguson}, P.~S. and {Carballo-Bello}, J.~A. and {Senkevich}, A.~M. and {Erkal}, D. and {Drlica-Wagner}, A. and {Pace}, A.~B. and {Ji}, A.~P. and {Sand}, D.~J. and {Limberg}, G. and {Chaturvedi}, A. and {Crnojevi{\'c}}, D. and {Medina}, G.~E. and {Riley}, A.~H. and {Shipp}, N. and {Vivas}, A.~K. and {Wertheim}, M. and {Choi}, Y. and {Mart{\'\i}nez-V{\'a}zquez}, C.~E. and {Mutlu-Pakdil}, B. and {Navabi}, M. and {Sakowska}, J.~D. and {Stringfellow}, G.~S. and {Zenteno}, A.},
        title = "{DELVE-ing into the Milky Way's Globular Clusters: Assessing extra-tidal features in NGC 5897, NGC 7492, and testing detectability with deeper photometry}",
      journal = {arXiv e-prints},
     keywords = {Astrophysics of Galaxies},
         year = 2025,
        month = jul,
          eid = {arXiv:2507.11629},
        pages = {arXiv:2507.11629},
          doi = {10.48550/arXiv.2507.11629},
archivePrefix = {arXiv},
       eprint = {2507.11629},
 primaryClass = {astro-ph.GA},
       adsurl = {https://ui.adsabs.harvard.edu/abs/2025arXiv250711629C},
      adsnote = {Provided by the SAO/NASA Astrophysics Data System}
}



@ARTICLE{2022ApJ...928...30L,
       author = {{Li}, Ting S. and {Ji}, Alexander P. and {Pace}, Andrew B. and {Erkal}, Denis and {Koposov}, Sergey E. and {Shipp}, Nora and {Da Costa}, Gary S. and {Cullinane}, Lara R. and {Kuehn}, Kyler and {Lewis}, Geraint F. and {Mackey}, Dougal and {Simpson}, Jeffrey D. and {Zucker}, Daniel B. and {Ferguson}, Peter S. and {Martell}, Sarah L. and {Bland-Hawthorn}, Joss and {Balbinot}, Eduardo and {Tavangar}, Kiyan and {Drlica-Wagner}, Alex and {De Silva}, Gayandhi M. and {Simon}, Joshua D.},
        title = "{S $^{5}$: The Orbital and Chemical Properties of One Dozen Stellar Streams}",
      journal = {\apj},
     keywords = {Local Group, Milky Way Galaxy, Stellar streams, Globular star clusters, Dwarf galaxies, Stellar kinematics, 929, 1054, 2166, 656, 416, 1608, Astrophysics - Astrophysics of Galaxies},
         year = 2022,
        month = mar,
       volume = {928},
       number = {1},
          eid = {30},
        pages = {30},
          doi = {10.3847/1538-4357/ac46d3},
archivePrefix = {arXiv},
       eprint = {2110.06950},
 primaryClass = {astro-ph.GA},
       adsurl = {https://ui.adsabs.harvard.edu/abs/2022ApJ...928...30L},
      adsnote = {Provided by the SAO/NASA Astrophysics Data System}
}



@ARTICLE{2024NatAs...8..637C,
       author = {{Chiti}, Anirudh and {Mardini}, Mohammad and {Limberg}, Guilherme and {Frebel}, Anna and {Ji}, Alexander P. and {Reggiani}, Henrique and {Ferguson}, Peter and {Andales}, Hillary Diane and {Brauer}, Kaley and {Li}, Ting S. and {Simon}, Joshua D.},
        title = "{Enrichment by extragalactic first stars in the Large Magellanic Cloud}",
      journal = {Nature Astronomy},
     keywords = {Astrophysics - Astrophysics of Galaxies, Astrophysics - Solar and Stellar Astrophysics},
         year = 2024,
        month = may,
       volume = {8},
        pages = {637-647},
          doi = {10.1038/s41550-024-02223-w},
archivePrefix = {arXiv},
       eprint = {2401.11307},
 primaryClass = {astro-ph.GA},
       adsurl = {https://ui.adsabs.harvard.edu/abs/2024NatAs...8..637C},
      adsnote = {Provided by the SAO/NASA Astrophysics Data System}
}



@ARTICLE{2024ApJ...961..126M,
       author = {{McNanna}, M. and {Bechtol}, K. and {Mau}, S. and {Nadler}, E.~O. and {Medoff}, J. and {Drlica-Wagner}, A. and {Cerny}, W. and {Crnojevi{\'c}}, D. and {Mutlu-Pakd{\i}l}, B. and {Vivas}, A.~K. and {Pace}, A.~B. and {Carlin}, J.~L. and {Collins}, M.~L.~M. and {Ferguson}, P.~S. and {Mart{\'\i}nez-Delgado}, D. and {Mart{\'\i}nez-V{\'a}zquez}, C.~E. and {Noel}, N.~E.~D. and {Riley}, A.~H. and {Sand}, D.~J. and {Smercina}, A. and {Tollerud}, E. and {Wechsler}, R.~H. and {Abbott}, T.~M.~C. and {Aguena}, M. and {Alves}, O. and {Bacon}, D. and {Bom}, C.~R. and {Brooks}, D. and {Burke}, D.~L. and {Carballo-Bello}, J.~A. and {Carnero Rosell}, A. and {Carretero}, J. and {da Costa}, L.~N. and {Davis}, T.~M. and {de Vicente}, J. and {Diehl}, H.~T. and {Doel}, P. and {Ferrero}, I. and {Frieman}, J. and {Giannini}, G. and {Gruen}, D. and {Gutierrez}, G. and {Gruendl}, R.~A. and {Hinton}, S.~R. and {Hollowood}, D.~L. and {Honscheid}, K. and {James}, D.~J. and {Kuehn}, K. and {Marshall}, J.~L. and {Mena-Fern{\'a}ndez}, J. and {Miquel}, R. and {Pereira}, M.~E.~S. and {Pieres}, A. and {Malag{\'o}n}, A.~A. Plazas and {Sakowska}, J.~D. and {Sanchez}, E. and {Sanchez Cid}, D. and {Santiago}, B. and {Sevilla-Noarbe}, I. and {Smith}, M. and {Stringfellow}, G.~S. and {Suchyta}, E. and {Swanson}, M.~E.~C. and {Tarle}, G. and {Weaverdyck}, N. and {Wiseman}, P. and {DES Collaboration} and {DELVE Collaboration}},
        title = "{A Search for Faint Resolved Galaxies Beyond the Milky Way in DES Year 6: A New Faint, Diffuse Dwarf Satellite of NGC 55}",
      journal = {\apj},
     keywords = {Local Group, Low surface brightness galaxies, Dwarf galaxies, 929, 940, 416, Astrophysics - Astrophysics of Galaxies},
         year = 2024,
        month = jan,
       volume = {961},
       number = {1},
          eid = {126},
        pages = {126},
          doi = {10.3847/1538-4357/ad07d0},
archivePrefix = {arXiv},
       eprint = {2309.04467},
 primaryClass = {astro-ph.GA},
       adsurl = {https://ui.adsabs.harvard.edu/abs/2024ApJ...961..126M},
      adsnote = {Provided by the SAO/NASA Astrophysics Data System}
}



@ARTICLE{2025OJAp....8E..89T,
       author = {{Tsiane}, Kabelo and {Mau}, Sidney and {Drlica-Wagner}, Alex and {Carlin}, Jeffrey L. and {Ferguson}, Peter S. and {Bechtol}, Keith and {Nadler}, Ethan O. and {Peter}, Annika H.~G. and {Mao}, Yao-Yuan and {Thornton}, Adam J. and {LSST Dark Energy Science Collaboration}},
        title = "{Predictions for the Detectability of Milky Way Satellite Galaxies and Outer-Halo Star Clusters with the Vera C. Rubin Observatory}",
      journal = {The Open Journal of Astrophysics},
     keywords = {Astrophysics of Galaxies, Cosmology and Nongalactic Astrophysics},
         year = 2025,
        month = jul,
       volume = {8},
          eid = {89},
        pages = {89},
          doi = {10.33232/001c.142072},
archivePrefix = {arXiv},
       eprint = {2504.16203},
 primaryClass = {astro-ph.GA},
       adsurl = {https://ui.adsabs.harvard.edu/abs/2025OJAp....8E..89T},
      adsnote = {Provided by the SAO/NASA Astrophysics Data System}
}



@ARTICLE{2022ApJS..261...38D,
       author = {{Drlica-Wagner}, A. and {Ferguson}, P.~S. and {Adam{\'o}w}, M. and {Aguena}, M. and {Allam}, S. and {Andrade-Oliveira}, F. and {Bacon}, D. and {Bechtol}, K. and {Bell}, E.~F. and {Bertin}, E. and {Bilaji}, P. and {Bocquet}, S. and {Bom}, C.~R. and {Brooks}, D. and {Burke}, D.~L. and {Carballo-Bello}, J.~A. and {Carlin}, J.~L. and {Carnero Rosell}, A. and {Carrasco Kind}, M. and {Carretero}, J. and {Castander}, F.~J. and {Cerny}, W. and {Chang}, C. and {Choi}, Y. and {Conselice}, C. and {Costanzi}, M. and {Crnojevi{\'c}}, D. and {da Costa}, L.~N. and {de Vicente}, J. and {Desai}, S. and {Esteves}, J. and {Everett}, S. and {Ferrero}, I. and {Fitzpatrick}, M. and {Flaugher}, B. and {Friedel}, D. and {Frieman}, J. and {Garc{\'\i}a-Bellido}, J. and {Gatti}, M. and {Gaztanaga}, E. and {Gerdes}, D.~W. and {Gruen}, D. and {Gruendl}, R.~A. and {Gschwend}, J. and {Hartley}, W.~G. and {Hernandez-Lang}, D. and {Hinton}, S.~R. and {Hollowood}, D.~L. and {Honscheid}, K. and {Hughes}, A.~K. and {Jacques}, A. and {James}, D.~J. and {Johnson}, M.~D. and {Kuehn}, K. and {Kuropatkin}, N. and {Lahav}, O. and {Li}, T.~S. and {Lidman}, C. and {Lin}, H. and {March}, M. and {Marshall}, J.~L. and {Mart{\'\i}nez-Delgado}, D. and {Mart{\'\i}nez-V{\'a}zquez}, C.~E. and {Massana}, P. and {Mau}, S. and {McNanna}, M. and {Melchior}, P. and {Menanteau}, F. and {Miller}, A.~E. and {Miquel}, R. and {Mohr}, J.~J. and {Morgan}, R. and {Mutlu-Pakdil}, B. and {Mu{\~n}oz}, R.~R. and {Neilsen}, E.~H. and {Nidever}, D.~L. and {Nikutta}, R. and {Nilo Castellon}, J.~L. and {No{\"e}l}, N.~E.~D. and {Ogando}, R.~L.~C. and {Olsen}, K.~A.~G. and {Pace}, A.~B. and {Palmese}, A. and {Paz-Chinch{\'o}n}, F. and {Pereira}, M.~E.~S. and {Pieres}, A. and {Plazas Malag{\'o}n}, A.~A. and {Prat}, J. and {Riley}, A.~H. and {Rodriguez-Monroy}, M. and {Romer}, A.~K. and {Roodman}, A. and {Sako}, M. and {Sakowska}, J.~D. and {Sanchez}, E. and {S{\'a}nchez}, F.~J. and {Sand}, D.~J. and {Santana-Silva}, L. and {Santiago}, B. and {Schubnell}, M. and {Serrano}, S. and {Sevilla-Noarbe}, I. and {Simon}, J.~D. and {Smith}, M. and {Soares-Santos}, M. and {Stringfellow}, G.~S. and {Suchyta}, E. and {Suson}, D.~J. and {Tan}, C.~Y. and {Tarle}, G. and {Tavangar}, K. and {Thomas}, D. and {To}, C. and {Tollerud}, E.~J. and {Troxel}, M.~A. and {Tucker}, D.~L. and {Varga}, T.~N. and {Vivas}, A.~K. and {Walker}, A.~R. and {Weller}, J. and {Wilkinson}, R.~D. and {Wu}, J.~F. and {Yanny}, B. and {Zaborowski}, E. and {Zenteno}, A. and {Delve Collaboration} and {Des Collaboration} and {Astro Data Lab}},
        title = "{The DECam Local Volume Exploration Survey Data Release 2}",
      journal = {\apjs},
     keywords = {Catalogs, Surveys, Local Group, 205, 1671, 929, Astrophysics - Instrumentation and Methods for Astrophysics, Astrophysics - Cosmology and Nongalactic Astrophysics, Astrophysics - Astrophysics of Galaxies},
         year = 2022,
        month = aug,
       volume = {261},
       number = {2},
          eid = {38},
        pages = {38},
          doi = {10.3847/1538-4365/ac78eb},
archivePrefix = {arXiv},
       eprint = {2203.16565},
 primaryClass = {astro-ph.IM},
       adsurl = {https://ui.adsabs.harvard.edu/abs/2022ApJS..261...38D},
      adsnote = {Provided by the SAO/NASA Astrophysics Data System}
}



@ARTICLE{2021ApJS..256....2D,
       author = {{Drlica-Wagner}, A. and {Carlin}, J.~L. and {Nidever}, D.~L. and {Ferguson}, P.~S. and {Kuropatkin}, N. and {Adam{\'o}w}, M. and {Cerny}, W. and {Choi}, Y. and {Esteves}, J.~H. and {Mart{\'\i}nez-V{\'a}zquez}, C.~E. and {Mau}, S. and {Miller}, A.~E. and {Mutlu-Pakdil}, B. and {Neilsen}, E.~H. and {Olsen}, K.~A.~G. and {Pace}, A.~B. and {Riley}, A.~H. and {Sakowska}, J.~D. and {Sand}, D.~J. and {Santana-Silva}, L. and {Tollerud}, E.~J. and {Tucker}, D.~L. and {Vivas}, A.~K. and {Zaborowski}, E. and {Zenteno}, A. and {Abbott}, T.~M.~C. and {Allam}, S. and {Bechtol}, K. and {Bell}, C.~P.~M. and {Bell}, E.~F. and {Bilaji}, P. and {Bom}, C.~R. and {Carballo-Bello}, J.~A. and {Crnojevi{\'c}}, D. and {Cioni}, M. -R.~L. and {Diaz-Ocampo}, A. and {de Boer}, T.~J.~L. and {Erkal}, D. and {Gruendl}, R.~A. and {Hernandez-Lang}, D. and {Hughes}, A.~K. and {James}, D.~J. and {Johnson}, L.~C. and {Li}, T.~S. and {Mao}, Y. -Y. and {Mart{\'\i}nez-Delgado}, D. and {Massana}, P. and {McNanna}, M. and {Morgan}, R. and {Nadler}, E.~O. and {No{\"e}l}, N.~E.~D. and {Palmese}, A. and {Peter}, A.~H.~G. and {Rykoff}, E.~S. and {S{\'a}nchez}, J. and {Shipp}, N. and {Simon}, J.~D. and {Smercina}, A. and {Soares-Santos}, M. and {Stringfellow}, G.~S. and {Tavangar}, K. and {van der Marel}, R.~P. and {Walker}, A.~R. and {Wechsler}, R.~H. and {Wu}, J.~F. and {Yanny}, B. and {Fitzpatrick}, M. and {Huang}, L. and {Jacques}, A. and {Nikutta}, R. and {Scott}, A. and {Astro Data Lab}},
        title = "{The DECam Local Volume Exploration Survey: Overview and First Data Release}",
      journal = {\apjs},
     keywords = {Surveys, Catalogs, Local Group, Magellanic Clouds, Dwarf galaxies, 1671, 205, 929, 990, 416, Astrophysics - Astrophysics of Galaxies, Astrophysics - Cosmology and Nongalactic Astrophysics, Astrophysics - Solar and Stellar Astrophysics},
         year = 2021,
        month = sep,
       volume = {256},
       number = {1},
          eid = {2},
        pages = {2},
          doi = {10.3847/1538-4365/ac079d},
archivePrefix = {arXiv},
       eprint = {2103.07476},
 primaryClass = {astro-ph.GA},
       adsurl = {https://ui.adsabs.harvard.edu/abs/2021ApJS..256....2D},
      adsnote = {Provided by the SAO/NASA Astrophysics Data System}
}



@ARTICLE{2025arXiv250217677A,
       author = {{Anbajagane}, D. and {Chang}, C. and {Drlica-Wagner}, A. and {Tan}, C.~Y. and {Adamow}, M. and {Gruendl}, R.~A. and {Secco}, L.~F. and {Zhang}, Z. and {Becker}, M.~R. and {Ferguson}, P.~S. and {Chicoine}, N. and {Herron}, K. and {Alarcon}, A. and {Teixeira}, R. and {Suson}, D. and {Alsina}, A.~N. and {Amon}, A. and {Andrade-Oliveira}, F. and {Blazek}, J. and {Bom}, C.~R. and {Camacho}, H. and {Carballo-Bello}, J.~A. and {Carnero Rosell}, A. and {Cawthon}, R. and {Cerny}, W. and {Choi}, A. and {Choi}, Y. and {Dodelson}, S. and {Doux}, C. and {Eckert}, K. and {Elvin-Poole}, J. and {Esteves}, J. and {Gatti}, M. and {Giannini}, G. and {Gruen}, D. and {Hartley}, W.~G. and {Herner}, K. and {Huff}, E.~M. and {James}, D.~J. and {Jarvis}, M. and {Krause}, E. and {Kuropatkin}, N. and {Mart{\'\i}nez-V{\'a}zquez}, C.~E. and {Massana}, P. and {Mau}, S. and {McCullough}, J. and {Medina}, G.~E. and {Mutlu-Pakdil}, B. and {Myles}, J. and {Navabi}, M. and {No{\"e}l}, N.~E.~D. and {Pace}, A.~B. and {Porredon}, A. and {Prat}, J. and {Raveri}, M. and {Riley}, A.~H. and {Rykoff}, E.~S. and {Sakowska}, J.~D. and {Samuroff}, S. and {Sanchez-Cid}, D. and {Sand}, D.~J. and {Santana-Silva}, L. and {Sevilla-Noarbe}, I. and {Shin}, T. and {Soares-Santos}, M. and {Stringfellow}, G.~S. and {To}, C. and {Tong}, A. and {Troxel}, M.~A. and {Vivas}, A.~K. and {Yamamoto}, M. and {Yanny}, B. and {Yin}, B. and {Zhang}, Y. and {Zuntz}, J.},
        title = "{The DECADE cosmic shear project IV: cosmological constraints from 107 million galaxies across 5,400 deg$^2$ of the sky}",
      journal = {arXiv e-prints},
     keywords = {Astrophysics - Cosmology and Nongalactic Astrophysics},
         year = 2025,
        month = feb,
          eid = {arXiv:2502.17677},
        pages = {arXiv:2502.17677},
          doi = {10.48550/arXiv.2502.17677},
archivePrefix = {arXiv},
       eprint = {2502.17677},
 primaryClass = {astro-ph.CO},
       adsurl = {https://ui.adsabs.harvard.edu/abs/2025arXiv250217677A},
      adsnote = {Provided by the SAO/NASA Astrophysics Data System}
}



@ARTICLE{2024MNRAS.529.2413U,
       author = {{Usman}, Sam A. and {Ji}, Alexander P. and {Li}, Ting S. and {Pace}, Andrew B. and {Cullinane}, Lara R. and {Da Costa}, Gary S. and {Koposov}, Sergey E. and {Lewis}, Geraint F. and {Zucker}, Daniel B. and {Belokurov}, Vasily and {Bland-Hawthorn}, Joss and {Ferguson}, Peter S. and {Hansen}, Terese T. and {Limberg}, Guilherme and {Martell}, Sarah L. and {McKenzie}, Madeleine and {Simon}, Joshua D. and {S5 Collaboration}},
        title = "{Multiple populations and a CH star found in the 300S globular cluster stellar stream}",
      journal = {\mnras},
     keywords = {nuclear reactions, nucleosynthesis, abundances - stars: abundances, Galaxy: halo, Galaxy: kinematics and dynamics, Local Group - Galaxy: globular clusters: general, Astrophysics - Astrophysics of Galaxies, Astrophysics - Solar and Stellar Astrophysics},
         year = 2024,
        month = apr,
       volume = {529},
       number = {3},
        pages = {2413-2427},
          doi = {10.1093/mnras/stae185},
archivePrefix = {arXiv},
       eprint = {2401.02476},
 primaryClass = {astro-ph.GA},
       adsurl = {https://ui.adsabs.harvard.edu/abs/2024MNRAS.529.2413U},
      adsnote = {Provided by the SAO/NASA Astrophysics Data System}
}



@ARTICLE{2023ApJ...953L..21C,
       author = {{Cerny}, W. and {Drlica-Wagner}, A. and {Li}, T.~S. and {Pace}, A.~B. and {Olsen}, K.~A.~G. and {No{\"e}l}, N.~E.~D. and {van der Marel}, R.~P. and {Carlin}, J.~L. and {Choi}, Y. and {Erkal}, D. and {Geha}, M. and {James}, D.~J. and {Mart{\'\i}nez-V{\'a}zquez}, C.~E. and {Massana}, P. and {Medina}, G.~E. and {Miller}, A.~E. and {Mutlu-Pakdil}, B. and {Nidever}, D.~L. and {Sakowska}, J.~D. and {Stringfellow}, G.~S. and {Carballo-Bello}, J.~A. and {Ferguson}, P.~S. and {Kuropatkin}, N. and {Mau}, S. and {Tollerud}, E.~J. and {Vivas}, A.~K. and {Delve Collaboration}},
        title = "{DELVE 6: An Ancient, Ultra-faint Star Cluster on the Outskirts of the Magellanic Clouds}",
      journal = {\apjl},
     keywords = {Star clusters, Magellanic Clouds, Sky surveys, 1567, 990, 1464, Astrophysics - Astrophysics of Galaxies},
         year = 2023,
        month = aug,
       volume = {953},
       number = {2},
          eid = {L21},
        pages = {L21},
          doi = {10.3847/2041-8213/aced84},
archivePrefix = {arXiv},
       eprint = {2306.04690},
 primaryClass = {astro-ph.GA},
       adsurl = {https://ui.adsabs.harvard.edu/abs/2023ApJ...953L..21C},
      adsnote = {Provided by the SAO/NASA Astrophysics Data System}
}



@ARTICLE{2023ApJ...942..111C,
       author = {{Cerny}, W. and {Simon}, J.~D. and {Li}, T.~S. and {Drlica-Wagner}, A. and {Pace}, A.~B. and {Mart{\'\i}nez-V{\'a}zquez}, C.~E. and {Riley}, A.~H. and {Mutlu-Pakdil}, B. and {Mau}, S. and {Ferguson}, P.~S. and {Erkal}, D. and {Munoz}, R.~R. and {Bom}, C.~R. and {Carlin}, J.~L. and {Carollo}, D. and {Choi}, Y. and {Ji}, A.~P. and {Manwadkar}, V. and {Mart{\'\i}nez-Delgado}, D. and {Miller}, A.~E. and {No{\"e}l}, N.~E.~D. and {Sakowska}, J.~D. and {Sand}, D.~J. and {Stringfellow}, G.~S. and {Tollerud}, E.~J. and {Vivas}, A.~K. and {Carballo-Bello}, J.~A. and {Hernandez-Lang}, D. and {James}, D.~J. and {Nidever}, D.~L. and {Castellon}, J.~L. Nilo and {Olsen}, K.~A.~G. and {Zenteno}, A. and {Delve Collaboration}},
        title = "{Pegasus IV: Discovery and Spectroscopic Confirmation of an Ultra-faint Dwarf Galaxy in the Constellation Pegasus}",
      journal = {\apj},
     keywords = {Galactic archaeology, RR Lyrae variable stars, Dark matter, Dwarf galaxies, Spectroscopy, Sky surveys, 2178, 1410, 353, 416, 1558, 1464, Astrophysics - Astrophysics of Galaxies},
         year = 2023,
        month = jan,
       volume = {942},
       number = {2},
          eid = {111},
        pages = {111},
          doi = {10.3847/1538-4357/aca1c3},
archivePrefix = {arXiv},
       eprint = {2203.11788},
 primaryClass = {astro-ph.GA},
       adsurl = {https://ui.adsabs.harvard.edu/abs/2023ApJ...942..111C},
      adsnote = {Provided by the SAO/NASA Astrophysics Data System}
}



@ARTICLE{2021ApJ...923..149S,
       author = {{Shipp}, Nora and {Erkal}, Denis and {Drlica-Wagner}, Alex and {Li}, Ting S. and {Pace}, Andrew B. and {Koposov}, Sergey E. and {Cullinane}, Lara R. and {Da Costa}, Gary S. and {Ji}, Alexander P. and {Kuehn}, Kyler and {Lewis}, Geraint F. and {Mackey}, Dougal and {Simpson}, Jeffrey D. and {Wan}, Zhen and {Zucker}, Daniel B. and {Bland-Hawthorn}, Joss and {Ferguson}, Peter S. and {Lilleengen}, Sophia and {Lilleengen}, Sophia},
        title = "{Measuring the Mass of the Large Magellanic Cloud with Stellar Streams Observed by S $^{5}$}",
      journal = {\apj},
     keywords = {1054, 929, 2166, 903, Astrophysics - Astrophysics of Galaxies},
         year = 2021,
        month = dec,
       volume = {923},
       number = {2},
          eid = {149},
        pages = {149},
          doi = {10.3847/1538-4357/ac2e93},
archivePrefix = {arXiv},
       eprint = {2107.13004},
 primaryClass = {astro-ph.GA},
       adsurl = {https://ui.adsabs.harvard.edu/abs/2021ApJ...923..149S},
      adsnote = {Provided by the SAO/NASA Astrophysics Data System}
}



@ARTICLE{2025arXiv250418645M,
       author = {{Medoff}, Jonah and {Mutlu-Pakdil}, Bur{\c{c}}in and {Carlin}, Jeffrey L. and {Drlica-Wagner}, Alex and {Tollerud}, Erik J. and {Doliva-Dolinsky}, Amandine and {Sand}, David J. and {Mart{\'\i}nez-V{\'a}zquez}, Clara E. and {Stringfellow}, Guy S. and {Cerny}, William and {Crnojevi{\'c}}, Denija and {Ferguson}, Peter S. and {Fielder}, Catherine E. and {Chaturvedi}, Astha and {Kallivayalil}, Nitya and {No{\"e}l}, Noelia E.~D. and {Vivas}, Kathy and {Walker}, Alistair R. and {Adam{\'o}w}, Monika and {Bom}, Clecio R. and {Carballo-Bello}, Julio A. and {Choi}, Yumi and {Medina}, Gustavo E. and {Navabi}, Mahdieh and {Pace}, Andrew B. and {Riley}, Alex H. and {Sakowska}, Joanna D.},
        title = "{DELVE-DEEP Survey: The Faint Satellite System of NGC 55}",
      journal = {arXiv e-prints},
     keywords = {Astrophysics of Galaxies},
         year = 2025,
        month = apr,
          eid = {arXiv:2504.18645},
        pages = {arXiv:2504.18645},
          doi = {10.48550/arXiv.2504.18645},
archivePrefix = {arXiv},
       eprint = {2504.18645},
 primaryClass = {astro-ph.GA},
       adsurl = {https://ui.adsabs.harvard.edu/abs/2025arXiv250418645M},
      adsnote = {Provided by the SAO/NASA Astrophysics Data System}
}



@ARTICLE{2020ApJ...890..136M,
       author = {{Mau}, S. and {Cerny}, W. and {Pace}, A.~B. and {Choi}, Y. and {Drlica-Wagner}, A. and {Santana-Silva}, L. and {Riley}, A.~H. and {Erkal}, D. and {Stringfellow}, G.~S. and {Adam{\'o}w}, M. and {Carlin}, J.~L. and {Gruendl}, R.~A. and {Hernandez-Lang}, D. and {Kuropatkin}, N. and {Li}, T.~S. and {Mart{\'\i}nez-V{\'a}zquez}, C.~E. and {Morganson}, E. and {Mutlu-Pakdil}, B. and {Neilsen}, E.~H. and {Nidever}, D.~L. and {Olsen}, K.~A.~G. and {Sand}, D.~J. and {Tollerud}, E.~J. and {Tucker}, D.~L. and {Yanny}, B. and {Zenteno}, A. and {Allam}, S. and {Barkhouse}, W.~A. and {Bechtol}, K. and {Bell}, E.~F. and {Balaji}, P. and {Crnojevi{\'c}}, D. and {Esteves}, J. and {Ferguson}, P.~S. and {Gallart}, C. and {Hughes}, A.~K. and {James}, D.~J. and {Jethwa}, P. and {Johnson}, L.~C. and {Kuehn}, K. and {Majewski}, S. and {Mao}, Y. -Y. and {Massana}, P. and {McNanna}, M. and {Monachesi}, A. and {Nadler}, E.~O. and {No{\"e}l}, N.~E.~D. and {Palmese}, A. and {Paz-Chinchon}, F. and {Pieres}, A. and {Sanchez}, J. and {Shipp}, N. and {Simon}, J.~D. and {Soares-Santos}, M. and {Tavangar}, K. and {van der Marel}, R.~P. and {Vivas}, A.~K. and {Walker}, A.~R. and {Wechsler}, R.~H.},
        title = "{Two Ultra-faint Milky Way Stellar Systems Discovered in Early Data from the DECam Local Volume Exploration Survey}",
      journal = {\apj},
     keywords = {Dwarf galaxies, Local Group, Star clusters, Milky Way Galaxy, 416, 929, 1567, 1054, Astrophysics - Astrophysics of Galaxies},
         year = 2020,
        month = feb,
       volume = {890},
       number = {2},
          eid = {136},
        pages = {136},
          doi = {10.3847/1538-4357/ab6c67},
archivePrefix = {arXiv},
       eprint = {1912.03301},
 primaryClass = {astro-ph.GA},
       adsurl = {https://ui.adsabs.harvard.edu/abs/2020ApJ...890..136M},
      adsnote = {Provided by the SAO/NASA Astrophysics Data System}
}



@ARTICLE{2023ApJ...954...68Z,
       author = {{Zaborowski}, E.~A. and {Drlica-Wagner}, A. and {Ashmead}, F. and {Wu}, J.~F. and {Morgan}, R. and {Bom}, C.~R. and {Shajib}, A.~J. and {Birrer}, S. and {Cerny}, W. and {Buckley-Geer}, E.~J. and {Mutlu-Pakdil}, B. and {Ferguson}, P.~S. and {Glazebrook}, K. and {Lozano}, S.~J. Gonzalez and {Gordon}, Y. and {Martinez}, M. and {Manwadkar}, V. and {O'Donnell}, J. and {Poh}, J. and {Riley}, A. and {Sakowska}, J.~D. and {Santana-Silva}, L. and {Santiago}, B.~X. and {Sluse}, D. and {Tan}, C.~Y. and {Tollerud}, E.~J. and {Verma}, A. and {Carballo-Bello}, J.~A. and {Choi}, Y. and {James}, D.~J. and {Kuropatkin}, N. and {Mart{\'\i}nez-V{\'a}zquez}, C.~E. and {Nidever}, D.~L. and {Castellon}, J.~L. Nilo and {No{\"e}l}, N.~E.~D. and {Olsen}, K.~A.~G. and {Pace}, A.~B. and {Mau}, S. and {Yanny}, B. and {Zenteno}, A. and {Abbott}, T.~M.~C. and {Aguena}, M. and {Alves}, O. and {Andrade-Oliveira}, F. and {Bocquet}, S. and {Brooks}, D. and {Burke}, D.~L. and {Carnero Rosell}, A. and {Carrasco Kind}, M. and {Carretero}, J. and {Castander}, F.~J. and {Conselice}, C.~J. and {Costanzi}, M. and {Pereira}, M.~E.~S. and {de Vicente}, J. and {Desai}, S. and {Dietrich}, J.~P. and {Doel}, P. and {Everett}, S. and {Ferrero}, I. and {Flaugher}, B. and {Friedel}, D. and {Frieman}, J. and {Garc{\'\i}a-Bellido}, J. and {Gruen}, D. and {Gruendl}, R.~A. and {Gutierrez}, G. and {Hinton}, S.~R. and {Hollowood}, D.~L. and {Honscheid}, K. and {Kuehn}, K. and {Lin}, H. and {Marshall}, J.~L. and {Melchior}, P. and {Mena-Fern{\'a}ndez}, J. and {Menanteau}, F. and {Miquel}, R. and {Palmese}, A. and {Paz-Chinch{\'o}n}, F. and {Pieres}, A. and {Malag{\'o}n}, A.~A. Plazas and {Prat}, J. and {Rodriguez-Monroy}, M. and {Romer}, A.~K. and {Sanchez}, E. and {Scarpine}, V. and {Sevilla-Noarbe}, I. and {Smith}, M. and {Suchyta}, E. and {To}, C. and {Weaverdyck}, N. and {Delve Collaboration} and {Des Collaboration}},
        title = "{Identification of Galaxy-Galaxy Strong Lens Candidates in the DECam Local Volume Exploration Survey Using Machine Learning}",
      journal = {\apj},
     keywords = {Strong gravitational lensing, 1643, Astrophysics - Astrophysics of Galaxies},
         year = 2023,
        month = sep,
       volume = {954},
       number = {1},
          eid = {68},
        pages = {68},
          doi = {10.3847/1538-4357/ace4ba},
archivePrefix = {arXiv},
       eprint = {2210.10802},
 primaryClass = {astro-ph.GA},
       adsurl = {https://ui.adsabs.harvard.edu/abs/2023ApJ...954...68Z},
      adsnote = {Provided by the SAO/NASA Astrophysics Data System}
}



@ARTICLE{2025arXiv250605469F,
       author = {{Ferguson}, Peter and {Shipp}, Nora},
        title = "{The DECam Field of Streams: a deep view of the Milky Way halo}",
      journal = {arXiv e-prints},
     keywords = {Astrophysics of Galaxies},
         year = 2025,
        month = jun,
          eid = {arXiv:2506.05469},
        pages = {arXiv:2506.05469},
          doi = {10.48550/arXiv.2506.05469},
archivePrefix = {arXiv},
       eprint = {2506.05469},
 primaryClass = {astro-ph.GA},
       adsurl = {https://ui.adsabs.harvard.edu/abs/2025arXiv250605469F},
      adsnote = {Provided by the SAO/NASA Astrophysics Data System}
}



@ARTICLE{2025arXiv250217674A,
       author = {{Anbajagane}, D. and {Chang}, C. and {Zhang}, Z. and {Tan}, C.~Y. and {Adamow}, M. and {Secco}, L.~F. and {Becker}, M.~R. and {Ferguson}, P.~S. and {Drlica-Wagner}, A. and {Gruendl}, R.~A. and {Herron}, K. and {Tong}, A. and {Troxel}, M.~A. and {Sanchez-Cid}, D. and {Sevilla-Noarbe}, I. and {Chicoine}, N. and {Teixeira}, R. and {Alarcon}, A. and {Suson}, D. and {Alsina}, A.~N. and {Amon}, A. and {Bom}, C.~R. and {Carballo-Bello}, J.~A. and {Cerny}, W. and {Choi}, A. and {Choi}, Y. and {Doux}, C. and {Eckert}, K. and {Gatti}, M. and {Gruen}, D. and {James}, D.~J. and {Jarvis}, M. and {Kuropatkin}, N. and {Mart{\'\i}nez-V{\'a}zquez}, C.~E. and {Massana}, P. and {Mau}, S. and {McCullough}, J. and {Medina}, G.~E. and {Mutlu-Pakdil}, B. and {Navabi}, M. and {No{\"e}l}, N.~E.~D. and {Pace}, A.~B. and {Prat}, J. and {Raveri}, M. and {Riley}, A.~H. and {Rykoff}, E.~S. and {Sakowska}, J.~D. and {Sand}, D.~J. and {Santana-Silva}, L. and {Shin}, T. and {Soares-Santos}, M. and {Stringfellow}, G.~S. and {Vivas}, A.~K. and {Yamamoto}, M.},
        title = "{The DECADE cosmic shear project I: A new weak lensing shape catalog of 107 million galaxies}",
      journal = {arXiv e-prints},
     keywords = {Astrophysics - Cosmology and Nongalactic Astrophysics, Astrophysics - Instrumentation and Methods for Astrophysics},
         year = 2025,
        month = feb,
          eid = {arXiv:2502.17674},
        pages = {arXiv:2502.17674},
          doi = {10.48550/arXiv.2502.17674},
archivePrefix = {arXiv},
       eprint = {2502.17674},
 primaryClass = {astro-ph.CO},
       adsurl = {https://ui.adsabs.harvard.edu/abs/2025arXiv250217674A},
      adsnote = {Provided by the SAO/NASA Astrophysics Data System}
}



@ARTICLE{2025ApJ...979..132M,
       author = {{Martinez}, Michael N. and {Gordon}, Yjan A. and {Bechtol}, Keith and {Cartwright}, Gillian and {Ferguson}, Peter S. and {Gorsuch}, Miranda},
        title = "{Finding Lensed Radio Sources with the Very Large Array Sky Survey}",
      journal = {\apj},
     keywords = {Strong gravitational lensing, Radio active galactic nuclei, Galaxy dark matter halos, Surveys, 1643, 2134, 1880, 1671, Astrophysics - Astrophysics of Galaxies, Astrophysics - Cosmology and Nongalactic Astrophysics, Astrophysics - Instrumentation and Methods for Astrophysics},
         year = 2025,
        month = feb,
       volume = {979},
       number = {2},
          eid = {132},
        pages = {132},
          doi = {10.3847/1538-4357/ad9c37},
archivePrefix = {arXiv},
       eprint = {2404.09954},
 primaryClass = {astro-ph.GA},
       adsurl = {https://ui.adsabs.harvard.edu/abs/2025ApJ...979..132M},
      adsnote = {Provided by the SAO/NASA Astrophysics Data System}
}



@ARTICLE{2024A&C....4900886T,
       author = {{Teixeira}, G. and {Bom}, C.~R. and {Santana-Silva}, L. and {Fraga}, B.~M.~O. and {Darc}, P. and {Teixeira}, R. and {Wu}, J.~F. and {Ferguson}, P.~S. and {Mart{\'\i}nez-V{\'a}zquez}, C.~E. and {Riley}, A.~H. and {Drlica-Wagner}, A. and {Choi}, Y. and {Mutlu-Pakdil}, B. and {Pace}, A.~B. and {Sakowska}, J.~D. and {Stringfellow}, G.~S.},
        title = "{Photometric redshifts probability density estimation from recurrent neural networks in the DECam local volume exploration survey data release 2}",
      journal = {Astronomy and Computing},
     keywords = {Catalogs, Deep learning methods, Galaxies, Distances and redshifts, Surveys, Astrophysics - Instrumentation and Methods for Astrophysics},
         year = 2024,
        month = oct,
       volume = {49},
          eid = {100886},
        pages = {100886},
          doi = {10.1016/j.ascom.2024.100886},
archivePrefix = {arXiv},
       eprint = {2408.15243},
 primaryClass = {astro-ph.IM},
       adsurl = {https://ui.adsabs.harvard.edu/abs/2024A&C....4900886T},
      adsnote = {Provided by the SAO/NASA Astrophysics Data System}
}



@ARTICLE{2022AJ....163...18F,
       author = {{Ferguson}, P.~S. and {Shipp}, N. and {Drlica-Wagner}, A. and {Li}, T.~S. and {Cerny}, W. and {Tavangar}, K. and {Pace}, A.~B. and {Marshall}, J.~L. and {Riley}, A.~H. and {Adam{\'o}w}, M. and {Carlin}, J.~L. and {Choi}, Y. and {Erkal}, D. and {James}, D.~J. and {Koposov}, Sergey E. and {Kuropatkin}, N. and {Mart{\'\i}nez-V{\'a}zquez}, C.~E. and {Mau}, S. and {Mutlu-Pakdil}, B. and {Olsen}, K.~A.~G. and {Sakowska}, J.~D. and {Stringfellow}, G.~S. and {Yanny}, B. and {Yanny}, B.},
        title = "{DELVE-ing into the Jet: A Thin Stellar Stream on a Retrograde Orbit at 30 kpc}",
      journal = {\aj},
     keywords = {1054, 2166, 929, Astrophysics - Astrophysics of Galaxies},
         year = 2022,
        month = jan,
       volume = {163},
       number = {1},
          eid = {18},
        pages = {18},
          doi = {10.3847/1538-3881/ac3492},
archivePrefix = {arXiv},
       eprint = {2104.11755},
 primaryClass = {astro-ph.GA},
       adsurl = {https://ui.adsabs.harvard.edu/abs/2022AJ....163...18F},
      adsnote = {Provided by the SAO/NASA Astrophysics Data System}
}



@ARTICLE{2021ApJ...910...18C,
       author = {{Cerny}, W. and {Pace}, A.~B. and {Drlica-Wagner}, A. and {Ferguson}, P.~S. and {Mau}, S. and {Adam{\'o}w}, M. and {Carlin}, J.~L. and {Choi}, Y. and {Erkal}, D. and {Johnson}, L.~C. and {Li}, T.~S. and {Mart{\'\i}nez-V{\'a}zquez}, C.~E. and {Mutlu-Pakdil}, B. and {Nidever}, D.~L. and {Olsen}, K.~A.~G. and {Pieres}, A. and {Tollerud}, E.~J. and {Simon}, J.~D. and {Vivas}, A.~K. and {James}, D.~J. and {Kuropatkin}, N. and {Majewski}, S. and {Mart{\'\i}nez-Delgado}, D. and {Massana}, P. and {Miller}, A.~E. and {Neilsen}, E.~H. and {No{\"e}l}, N.~E.~D. and {Riley}, A.~H. and {Sand}, D.~J. and {Santana-Silva}, L. and {Stringfellow}, G.~S. and {Tucker}, D.~L. and {Delve Collaboration}},
        title = "{Discovery of an Ultra-faint Stellar System near the Magellanic Clouds with the DECam Local Volume Exploration Survey}",
      journal = {\apj},
     keywords = {Dwarf galaxies, Local Group, Star clusters, Milky Way Galaxy, Magellanic Clouds, 416, 929, 1567, 1054, 990, Astrophysics - Astrophysics of Galaxies},
         year = 2021,
        month = mar,
       volume = {910},
       number = {1},
          eid = {18},
        pages = {18},
          doi = {10.3847/1538-4357/abe1af},
archivePrefix = {arXiv},
       eprint = {2009.08550},
 primaryClass = {astro-ph.GA},
       adsurl = {https://ui.adsabs.harvard.edu/abs/2021ApJ...910...18C},
      adsnote = {Provided by the SAO/NASA Astrophysics Data System}
}



@ARTICLE{2021ApJ...920L..44C,
       author = {{Cerny}, W. and {Pace}, A.~B. and {Drlica-Wagner}, A. and {Koposov}, S.~E. and {Vivas}, A.~K. and {Mau}, S. and {Riley}, A.~H. and {Bom}, C.~R. and {Carlin}, J.~L. and {Choi}, Y. and {Erkal}, D. and {Ferguson}, P.~S. and {James}, D.~J. and {Li}, T.~S. and {Mart{\'\i}nez-Delgado}, D. and {Mart{\'\i}nez-V{\'a}zquez}, C.~E. and {Munoz}, R.~R. and {Mutlu-Pakdil}, B. and {Olsen}, K.~A.~G. and {Pieres}, A. and {Sakowska}, J.~D. and {Sand}, D.~J. and {Simon}, J.~D. and {Smercina}, A. and {Stringfellow}, G.~S. and {Tollerud}, E.~J. and {Adam{\'o}w}, M. and {Hernandez-Lang}, D. and {Kuropatkin}, N. and {Santana-Silva}, L. and {Tucker}, D.~L. and {Zenteno}, A. and {Delve Collaboration}},
        title = "{Eridanus IV: an Ultra-faint Dwarf Galaxy Candidate Discovered in the DECam Local Volume Exploration Survey}",
      journal = {\apjl},
     keywords = {Dwarf galaxies, Horizontal branch stars, 416, 746, Astrophysics - Astrophysics of Galaxies},
         year = 2021,
        month = oct,
       volume = {920},
       number = {2},
          eid = {L44},
        pages = {L44},
          doi = {10.3847/2041-8213/ac2d9a},
archivePrefix = {arXiv},
       eprint = {2107.09080},
 primaryClass = {astro-ph.GA},
       adsurl = {https://ui.adsabs.harvard.edu/abs/2021ApJ...920L..44C},
      adsnote = {Provided by the SAO/NASA Astrophysics Data System}
}



@ARTICLE{2021ApJ...911..109S,
       author = {{Stringer}, K.~M. and {Drlica-Wagner}, A. and {Macri}, L. and {Mart{\'\i}nez-V{\'a}zquez}, C.~E. and {Vivas}, A.~K. and {Ferguson}, P. and {Pace}, A.~B. and {Walker}, A.~R. and {Neilsen}, E. and {Tavangar}, K. and {Wester}, W. and {Abbott}, T.~M.~C. and {Aguena}, M. and {Allam}, S. and {Bacon}, D. and {Bechtol}, K. and {Bertin}, E. and {Brooks}, D. and {Burke}, D.~L. and {Carnero Rosell}, A. and {Carrasco Kind}, M. and {Carretero}, J. and {Costanzi}, M. and {Crocce}, M. and {da Costa}, L.~N. and {Pereira}, M.~E.~S. and {De Vicente}, J. and {Desai}, S. and {Diehl}, H.~T. and {Doel}, P. and {Ferrero}, I. and {Garc{\'\i}a-Bellido}, J. and {Gaztanaga}, E. and {Gerdes}, D.~W. and {Gruen}, D. and {Gruendl}, R.~A. and {Gschwend}, J. and {Gutierrez}, G. and {Hinton}, S.~R. and {Hollowood}, D.~L. and {Honscheid}, K. and {Hoyle}, B. and {James}, D.~J. and {Kuehn}, K. and {Kuropatkin}, N. and {Li}, T.~S. and {Maia}, M.~A.~G. and {Marshall}, J.~L. and {Menanteau}, F. and {Miquel}, R. and {Morgan}, R. and {Ogando}, R.~L.~C. and {Palmese}, A. and {Paz-Chinch{\'o}n}, F. and {Plazas}, A.~A. and {Roodman}, A. and {Sanchez}, E. and {Schubnell}, M. and {Serrano}, S. and {Sevilla-Noarbe}, I. and {Smith}, M. and {Soares-Santos}, M. and {Suchyta}, E. and {Tarle}, G. and {Thomas}, D. and {To}, C. and {Varga}, T.~N. and {Wilkinson}, R.~D. and {Zhang}, Y. and {DES Collaboration}},
        title = "{Identifying RR Lyrae Variable Stars in Six Years of the Dark Energy Survey}",
      journal = {\apj},
     keywords = {RR Lyrae variable stars, RRab variable stars, Milky Way stellar halo, the Milky Way, 1410, 1413, 1060, 1054, Astrophysics - Astrophysics of Galaxies, Astrophysics - Solar and Stellar Astrophysics},
         year = 2021,
        month = apr,
       volume = {911},
       number = {2},
          eid = {109},
        pages = {109},
          doi = {10.3847/1538-4357/abe873},
archivePrefix = {arXiv},
       eprint = {2011.13930},
 primaryClass = {astro-ph.GA},
       adsurl = {https://ui.adsabs.harvard.edu/abs/2021ApJ...911..109S},
      adsnote = {Provided by the SAO/NASA Astrophysics Data System}
}



@ARTICLE{2024arXiv240414256S,
       author = {{Schechter}, Paul L. and {Sluse}, Dominique and {Zaborowski}, Erik A. and {Drlica-Wagner}, Alex and {Lemon}, Cameron and {Courbin}, Frederic and {Hempel}, Angela and {Millon}, Martin and {Treu}, Tommaso and {Teixeira}, Raul and {Adam{\'o}w}, Monika and {Bom}, Clecio R. and {Carballo-Bello}, Julio A. and {Ferguson}, Peter S. and {Gruendl}, Robert A. and {James}, David J. and {Martinez-V{\'a}squez}, Clara E. and {Massana}, Pol and {Mau}, Sidney and {Mutlu-Pakdil}, Bur{\c{c}}in and {No{\"e}l}, No{\"e}lia E.~D. and {Pace}, Andrew B. and {Sakowska}, Joanna D. and {Stringfellow}, Guy S. and {Tollerud}, Erik J. and {Vivas}, Kathy and {Zenteno}, Alfredo},
        title = "{The DELVE Quadruple Quasar Search I. A Lensed Low Luminosity AGN}",
      journal = {arXiv e-prints},
     keywords = {Astrophysics - Cosmology and Nongalactic Astrophysics},
         year = 2024,
        month = apr,
          eid = {arXiv:2404.14256},
        pages = {arXiv:2404.14256},
          doi = {10.48550/arXiv.2404.14256},
archivePrefix = {arXiv},
       eprint = {2404.14256},
 primaryClass = {astro-ph.CO},
       adsurl = {https://ui.adsabs.harvard.edu/abs/2024arXiv240414256S},
      adsnote = {Provided by the SAO/NASA Astrophysics Data System}
}



@ARTICLE{2025arXiv250621410C,
       author = {{Cohen}, Benjamin and {Ji}, Alexander P. and {Ferguson}, Peter S. and {Koposov}, Sergey E. and {Drlica-Wagner}, Alex and {Li}, Andrew P. and {Li}, Ting S. and {Cullinane}, Lara R. and {Da Costa}, Gary S. and {Erkal}, Denis and {Kuehn}, Kyler and {Lewis}, Geraint F. and {Martell}, Sarah L. and {Pace}, Andrew B. and {Zucker}, Daniel B. and {Awad}, Petra and {Bland-Hawthorn}, Joss and {Limberg}, Guilherme and {Mart{\'\i}nez-V{\'a}zquez}, Clara E. and {Simon}, Joshua D. and {Yang}, Yong},
        title = "{Sifting for a Stream: The Morphology of the $300S$ Stellar Stream}",
      journal = {arXiv e-prints},
     keywords = {Astrophysics of Galaxies},
         year = 2025,
        month = jun,
          eid = {arXiv:2506.21410},
        pages = {arXiv:2506.21410},
          doi = {10.48550/arXiv.2506.21410},
archivePrefix = {arXiv},
       eprint = {2506.21410},
 primaryClass = {astro-ph.GA},
       adsurl = {https://ui.adsabs.harvard.edu/abs/2025arXiv250621410C},
      adsnote = {Provided by the SAO/NASA Astrophysics Data System}
}



@ARTICLE{2025arXiv250217675A,
       author = {{Anbajagane}, D. and {Alarcon}, A. and {Teixeira}, R. and {Chang}, C. and {Secco}, L.~F. and {Tan}, C.~Y. and {Drlica-Wagner}, A. and {Adamow}, M. and {Gruendl}, R.~A. and {Giannini}, G. and {Becker}, M.~R. and {Ferguson}, P.~S. and {Chicoine}, N. and {Zhang}, Z. and {Herron}, K. and {Suson}, D. and {Alsina}, A.~N. and {Amon}, A. and {Bom}, C.~R. and {Carballo-Bello}, J.~A. and {Cerny}, W. and {Choi}, A. and {Choi}, Y. and {Doux}, C. and {Eckert}, K. and {Gatti}, M. and {Gruen}, D. and {Hartley}, W.~G. and {Herner}, K. and {Huff}, E.~M. and {James}, D.~J. and {Kuropatkin}, N. and {Mart{\'\i}nez-V{\'a}zquez}, C.~E. and {Massana}, P. and {Mau}, S. and {McCullough}, J. and {Medina}, G.~E. and {Mutlu-Pakdil}, B. and {Myles}, J. and {Navabi}, M. and {No{\"e}l}, N.~E.~D. and {Pace}, A.~B. and {Raveri}, M. and {Riley}, A.~H. and {Sakowska}, J.~D. and {Sanchez-Cid}, D. and {Sand}, D.~J. and {Santana-Silva}, L. and {Sevilla-Noarbe}, I. and {Soares-Santos}, M. and {Stringfellow}, G.~S. and {Vivas}, A.~K. and {Yamamoto}, M.},
        title = "{The DECADE cosmic shear project II: photometric redshift calibration of the source galaxy sample}",
      journal = {arXiv e-prints},
     keywords = {Astrophysics - Cosmology and Nongalactic Astrophysics, Astrophysics - Instrumentation and Methods for Astrophysics},
         year = 2025,
        month = feb,
          eid = {arXiv:2502.17675},
        pages = {arXiv:2502.17675},
          doi = {10.48550/arXiv.2502.17675},
archivePrefix = {arXiv},
       eprint = {2502.17675},
 primaryClass = {astro-ph.CO},
       adsurl = {https://ui.adsabs.harvard.edu/abs/2025arXiv250217675A},
      adsnote = {Provided by the SAO/NASA Astrophysics Data System}
}



@ARTICLE{2025arXiv250217676A,
       author = {{Anbajagane}, D. and {Chang}, C. and {Chicoine}, N. and {Secco}, L.~F. and {Tan}, C.~Y. and {Ferguson}, P.~S. and {Drlica-Wagner}, A. and {Herron}, K. and {Adamow}, M. and {Gruendl}, R.~A. and {Becker}, M.~R. and {Teixeira}, R. and {Zhang}, Z. and {Alarcon}, A. and {Suson}, D. and {Alsina}, A.~N. and {Amon}, A. and {Andrade-Oliveira}, F. and {Blazek}, J. and {Camacho}, H. and {Carballo-Bello}, J.~A. and {Cerny}, W. and {Choi}, Y. and {Doux}, C. and {Gatti}, M. and {Gruen}, D. and {James}, D.~J. and {Krause}, E. and {Kuropatkin}, N. and {Mart{\'\i}nez-V{\'a}zquez}, C.~E. and {Massana}, P. and {Mau}, S. and {McCullough}, J. and {Medina}, G.~E. and {Mutlu-Pakdil}, B. and {Navabi}, M. and {No{\"e}l}, N.~E.~D. and {Pace}, A.~B. and {Porredon}, A. and {Raveri}, M. and {Riley}, A.~H. and {Sakowska}, J.~D. and {Samuroff}, S. and {Sanchez-Cid}, D. and {Sand}, D.~J. and {Santana-Silva}, L. and {Soares-Santos}, M. and {Stringfellow}, G.~S. and {To}, C. and {Vivas}, A.~K. and {Yamamoto}, M. and {Zenteno}, A. and {Zuntz}, J.},
        title = "{The DECADE cosmic shear project III: validation of analysis pipeline using spatially inhomogeneous data}",
      journal = {arXiv e-prints},
     keywords = {Astrophysics - Cosmology and Nongalactic Astrophysics},
         year = 2025,
        month = feb,
          eid = {arXiv:2502.17676},
        pages = {arXiv:2502.17676},
          doi = {10.48550/arXiv.2502.17676},
archivePrefix = {arXiv},
       eprint = {2502.17676},
 primaryClass = {astro-ph.CO},
       adsurl = {https://ui.adsabs.harvard.edu/abs/2025arXiv250217676A},
      adsnote = {Provided by the SAO/NASA Astrophysics Data System}
}



@ARTICLE{2021AJ....162..253M,
       author = {{Mart{\'\i}nez-V{\'a}zquez}, C.~E. and {Cerny}, W. and {Vivas}, A.~K. and {Drlica-Wagner}, A. and {Pace}, A.~B. and {Simon}, J.~D. and {Munoz}, R.~R. and {Walker}, A.~R. and {Allam}, S. and {Tucker}, D.~L. and {Adam{\'o}w}, M. and {Carlin}, J.~L. and {Choi}, Y. and {Ferguson}, P.~S. and {Ji}, A.~P. and {Kuropatkin}, N. and {Li}, T.~S. and {Mart{\'\i}nez-Delgado}, D. and {Mau}, S. and {Mutlu-Pakdil}, B. and {Nidever}, D.~L. and {Riley}, A.~H. and {Sakowska}, J.~D. and {Sand}, D.~J. and {Stringfellow}, G.~S. and {Stringfellow}, G.~S.},
        title = "{RR Lyrae Stars in the Newly Discovered Ultra-faint Dwarf Galaxy Centaurus I}",
      journal = {\aj},
     keywords = {1307, 416, 2109, 1410, 929, 1583, 1761, Astrophysics - Astrophysics of Galaxies, Astrophysics - Solar and Stellar Astrophysics},
         year = 2021,
        month = dec,
       volume = {162},
       number = {6},
          eid = {253},
        pages = {253},
          doi = {10.3847/1538-3881/ac2368},
archivePrefix = {arXiv},
       eprint = {2107.05688},
 primaryClass = {astro-ph.GA},
       adsurl = {https://ui.adsabs.harvard.edu/abs/2021AJ....162..253M},
      adsnote = {Provided by the SAO/NASA Astrophysics Data System}
}



@ARTICLE{2020ApJ...897..183H,
       author = {{Hansen}, T.~T. and {Marshall}, J.~L. and {Simon}, J.~D. and {Li}, T.~S. and {Bernstein}, R.~A. and {Pace}, A.~B. and {Ferguson}, P. and {Nagasawa}, D.~Q. and {Kuehn}, K. and {Carollo}, D. and {Geha}, M. and {James}, D. and {Walker}, A. and {Diehl}, H.~T. and {Aguena}, M. and {Allam}, S. and {Avila}, S. and {Bertin}, E. and {Brooks}, D. and {Buckley-Geer}, E. and {Burke}, D.~L. and {Rosell}, A. Carnero and {Kind}, M. Carrasco and {Carretero}, J. and {Costanzi}, M. and {Da Costa}, L.~N. and {Desai}, S. and {De Vicente}, J. and {Doel}, P. and {Eckert}, K. and {Eifler}, T.~F. and {Everett}, S. and {Ferrero}, I. and {Frieman}, J. and {Garc{\'\i}a-Bellido}, J. and {Gaztanaga}, E. and {Gerdes}, D.~W. and {Gruen}, D. and {Gruendl}, R.~A. and {Gschwend}, J. and {Gutierrez}, G. and {Hinton}, S.~R. and {Hollowood}, D.~L. and {Honscheid}, K. and {Kuropatkin}, N. and {Maia}, M.~A.~G. and {March}, M. and {Miquel}, R. and {Palmese}, A. and {Paz-Chinch{\'o}n}, F. and {Plazas}, A.~A. and {Sanchez}, E. and {Santiago}, B. and {Scarpine}, V. and {Serrano}, S. and {Smith}, M. and {Soares-Santos}, M. and {Suchyta}, E. and {Swanson}, M.~E.~C. and {Tarle}, G. and {Varga}, T.~N. and {Wilkinson}, R. and {DES Collaboration}},
        title = "{Chemical Analysis of the Ultrafaint Dwarf Galaxy Grus II. Signature of High-mass Stellar Nucleosynthesis}",
      journal = {\apj},
     keywords = {Chemical abundances, Dwarf galaxies, Chemically peculiar stars, Stellar abundances, 416, 224, 226, 1577, Astrophysics - Solar and Stellar Astrophysics, Astrophysics - Astrophysics of Galaxies},
         year = 2020,
        month = jul,
       volume = {897},
       number = {2},
          eid = {183},
        pages = {183},
          doi = {10.3847/1538-4357/ab9643},
archivePrefix = {arXiv},
       eprint = {2005.10767},
 primaryClass = {astro-ph.SR},
       adsurl = {https://ui.adsabs.harvard.edu/abs/2020ApJ...897..183H},
      adsnote = {Provided by the SAO/NASA Astrophysics Data System}
}



@ARTICLE{2022ApJ...925..118T,
       author = {{Tavangar}, K. and {Ferguson}, P. and {Shipp}, N. and {Drlica-Wagner}, A. and {Koposov}, S. and {Erkal}, D. and {Balbinot}, E. and {Garc{\'\i}a-Bellido}, J. and {Kuehn}, K. and {Lewis}, G.~F. and {Li}, T.~S. and {Mau}, S. and {Pace}, A.~B. and {Riley}, A.~H. and {Abbott}, T.~M.~C. and {Aguena}, M. and {Allam}, S. and {Andrade-Oliveira}, F. and {Annis}, J. and {Bertin}, E. and {Brooks}, D. and {Burke}, D.~L. and {Carnero Rosell}, A. and {Carrasco Kind}, M. and {Carretero}, J. and {Costanzi}, M. and {da Costa}, L.~N. and {Pereira}, M.~E.~S. and {De Vicente}, J. and {Diehl}, H.~T. and {Everett}, S. and {Ferrero}, I. and {Flaugher}, B. and {Frieman}, J. and {Gaztanaga}, E. and {Gerdes}, D.~W. and {Gruen}, D. and {Gruendl}, R.~A. and {Gschwend}, J. and {Gutierrez}, G. and {Hinton}, S.~R. and {Hollowood}, D.~L. and {Honscheid}, K. and {James}, D.~J. and {Kuropatkin}, N. and {Maia}, M.~A.~G. and {Marshall}, J.~L. and {Menanteau}, F. and {Miquel}, R. and {Morgan}, R. and {Ogando}, R.~L.~C. and {Palmese}, A. and {Paz-Chinch{\'o}n}, F. and {Pieres}, A. and {Plazas Malag{\'o}n}, A.~A. and {Rodriguez-Monroy}, M. and {Sanchez}, E. and {Scarpine}, V. and {Serrano}, S. and {Sevilla-Noarbe}, I. and {Smith}, M. and {Suchyta}, E. and {Swanson}, M.~E.~C. and {Tarle}, G. and {To}, C. and {Varga}, T.~N. and {Walker}, A.~R.},
        title = "{From the Fire: A Deeper Look at the Phoenix Stream}",
      journal = {\apj},
     keywords = {Cosmology, Dark matter, Stellar streams, Galaxy structure, Astronomy data modeling, Milky Way dynamics, Astrophysics - Astrophysics of Galaxies, Astrophysics - Cosmology and Nongalactic Astrophysics},
         year = 2022,
        month = feb,
       volume = {925},
       number = {2},
          eid = {118},
        pages = {118},
          doi = {10.3847/1538-4357/ac399b},
archivePrefix = {arXiv},
       eprint = {2110.03703},
 primaryClass = {astro-ph.GA},
       adsurl = {https://ui.adsabs.harvard.edu/abs/2022ApJ...925..118T},
      adsnote = {Provided by the SAO/NASA Astrophysics Data System}
}



@ARTICLE{2023ApJ...948L...9G,
       author = {{Gordon}, Yjan A. and {O'Dea}, Christopher P. and {Baum}, Stefi A. and {Bechtol}, Keith and {Duggal}, Chetna and {Ferguson}, Peter S.},
        title = "{Compact Steep Spectrum Radio Sources with Enhanced Star Formation Are Smaller Than 10 kpc}",
      journal = {\apjl},
     keywords = {AGN host galaxies, Active galactic nuclei, Extragalactic radio sources, Radio galaxies, Star formation, 2017, 16, 508, 1343, 1569, Astrophysics - Astrophysics of Galaxies},
         year = 2023,
        month = may,
       volume = {948},
       number = {1},
          eid = {L9},
        pages = {L9},
          doi = {10.3847/2041-8213/accf0a},
archivePrefix = {arXiv},
       eprint = {2304.10538},
 primaryClass = {astro-ph.GA},
       adsurl = {https://ui.adsabs.harvard.edu/abs/2023ApJ...948L...9G},
      adsnote = {Provided by the SAO/NASA Astrophysics Data System}
}



@ARTICLE{2020ApJ...901...23H,
       author = {{Hansen}, T.~T. and {Riley}, A.~H. and {Strigari}, L.~E. and {Marshall}, J.~L. and {Ferguson}, P.~S. and {Zepeda}, J. and {Sneden}, C.},
        title = "{A Chemo-dynamical Link between the Gj{\"o}ll Stream and NGC 3201}",
      journal = {\apj},
     keywords = {Milky Way dynamics, Chemical abundances, Globular star clusters, 1051, 224, 656, Astrophysics - Solar and Stellar Astrophysics, Astrophysics - Astrophysics of Galaxies},
         year = 2020,
        month = sep,
       volume = {901},
       number = {1},
          eid = {23},
        pages = {23},
          doi = {10.3847/1538-4357/ababa5},
archivePrefix = {arXiv},
       eprint = {2007.12165},
 primaryClass = {astro-ph.SR},
       adsurl = {https://ui.adsabs.harvard.edu/abs/2020ApJ...901...23H},
      adsnote = {Provided by the SAO/NASA Astrophysics Data System}
}



@ARTICLE{2019AJ....158...16S,
       author = {{Stringer}, K.~M. and {Long}, J.~P. and {Macri}, L.~M. and {Marshall}, J.~L. and {Drlica-Wagner}, A. and {Mart{\'\i}nez-V{\'a}zquez}, C.~E. and {Vivas}, A.~K. and {Bechtol}, K. and {Morganson}, E. and {Carrasco Kind}, M. and {Pace}, A.~B. and {Walker}, A.~R. and {Nielsen}, C. and {Li}, T.~S. and {Rykoff}, E. and {Burke}, D. and {Carnero Rosell}, A. and {Neilsen}, E. and {Ferguson}, P. and {Cantu}, S.~A. and {Myron}, J.~L. and {Strigari}, L. and {Farahi}, A. and {Paz-Chinch{\'o}n}, F. and {Tucker}, D. and {Lin}, Z. and {Hatt}, D. and {Maner}, J.~F. and {Plybon}, L. and {Riley}, A.~H. and {Nadler}, E.~O. and {Abbott}, T.~M.~C. and {Allam}, S. and {Annis}, J. and {Bertin}, E. and {Brooks}, D. and {Buckley-Geer}, E. and {Carretero}, J. and {Cunha}, C.~E. and {D'Andrea}, C.~B. and {da Costa}, L.~N. and {De Vicente}, J. and {Desai}, S. and {Doel}, P. and {Eifler}, T.~F. and {Flaugher}, B. and {Frieman}, J. and {Garc{\'\i}a-Bellido}, J. and {Gaztanaga}, E. and {Gruen}, D. and {Gschwend}, J. and {Gutierrez}, G. and {Hartley}, W.~G. and {Hollowood}, D.~L. and {Hoyle}, B. and {James}, D.~J. and {Kuehn}, K. and {Kuropatkin}, N. and {Melchior}, P. and {Miquel}, R. and {Ogando}, R.~L.~C. and {Plazas}, A.~A. and {Sanchez}, E. and {Santiago}, B. and {Scarpine}, V. and {Schubnell}, M. and {Serrano}, S. and {Sevilla-Noarbe}, I. and {Smith}, M. and {Smith}, R.~C. and {Soares-Santos}, M. and {Sobreira}, F. and {Suchyta}, E. and {Swanson}, M.~E.~C. and {Tarle}, G. and {Thomas}, D. and {Vikram}, V. and {Yanny}, B. and {DES Collaboration}},
        title = "{Identification of RR Lyrae Stars in Multiband, Sparsely Sampled Data from the Dark Energy Survey Using Template Fitting and Random Forest Classification}",
      journal = {\aj},
     keywords = {catalogs, Galaxy: halo, Galaxy: structure, methods: statistical, stars: variables: RR Lyrae, Astrophysics - Solar and Stellar Astrophysics, Astrophysics - Astrophysics of Galaxies},
         year = 2019,
        month = jul,
       volume = {158},
       number = {1},
          eid = {16},
        pages = {16},
          doi = {10.3847/1538-3881/ab1f46},
archivePrefix = {arXiv},
       eprint = {1905.00428},
 primaryClass = {astro-ph.SR},
       adsurl = {https://ui.adsabs.harvard.edu/abs/2019AJ....158...16S},
      adsnote = {Provided by the SAO/NASA Astrophysics Data System}
}



@ARTICLE{2020MNRAS.495.4124F,
       author = {{Ferguson}, Peter S. and {Strigari}, Louis E.},
        title = "{Three-dimensional structure of the Sagittarius dwarf spheroidal core from RR Lyrae}",
      journal = {\mnras},
     keywords = {methods: statistical, stars: variables: RR Lyrae, galaxies: dwarf, Astrophysics - Astrophysics of Galaxies, Astrophysics - Cosmology and Nongalactic Astrophysics},
         year = 2020,
        month = jul,
       volume = {495},
       number = {4},
        pages = {4124-4134},
          doi = {10.1093/mnras/staa1404},
archivePrefix = {arXiv},
       eprint = {1909.11103},
 primaryClass = {astro-ph.GA},
       adsurl = {https://ui.adsabs.harvard.edu/abs/2020MNRAS.495.4124F},
      adsnote = {Provided by the SAO/NASA Astrophysics Data System}
}



@INPROCEEDINGS{2024SPIE13094E..29Q,
       author = {{Quint}, Bruno C. and {Daruich}, Felipe and {Kub{\'a}nek}, Petr and {Neill}, Douglas R. and {Megias}, Guillem and {Shestakov}, Adrian and {Shugart}, Alysha and {Jeremie}, Andrea and {Levine}, Benjamin and {Stalder}, Brian and {Lage}, Craig and {Sanmartim}, David and {Boutigny}, Dominique and {Urbach}, Elana and {Dennihy}, Erik and {Mu{\~n}oz Arancibia}, Freddy and {Drass}, Holger and {Park}, HyeYun and {Sevilla-Noarbe}, Ignacio and {Sotuela}, Ioana and {Sebag}, Jacques and {Hern{\'a}ndez}, Joaqu{\'\i}n. and {Carlin}, Jeffrey and {Aubel}, Karla and {Fanning}, Kevin and {Reil}, Kevin and {Toribio San Cipriano}, Laura and {Fisher-Levine}, Merlin and {Ferguson}, Peter and {Tighe}, Roberto and {Thomas}, Sandrine and {Ribeiro}, Tiago and {Kang}, Yijung},
        title = "{Rubin M1M3 support system dynamic performance}",
    booktitle = {Ground-based and Airborne Telescopes X},
         year = 2024,
       editor = {{Marshall}, Heather K. and {Spyromilio}, Jason and {Usuda}, Tomonori},
       series = {Society of Photo-Optical Instrumentation Engineers (SPIE) Conference Series},
       volume = {13094},
        month = aug,
          eid = {1309429},
        pages = {1309429},
          doi = {10.1117/12.3019268},
       adsurl = {https://ui.adsabs.harvard.edu/abs/2024SPIE13094E..29Q},
      adsnote = {Provided by the SAO/NASA Astrophysics Data System}
}



@INPROCEEDINGS{2024SPIE13094E..2DR,
       author = {{Rodeghiero}, Gabriele and {Rosignoli}, Luca and {Canestrari}, Rodolfo and {Giro}, Enrico and {Zorzi}, Pablo and {Tsai}, Te-Wei and {Drass}, Holger and {Kang}, Yijung and {Tighe}, Roberto and {Neil}, Doug and {Colleoni}, Franco and {Daruich}, Felipe and {Lutfi}, Mostafa and {Megias Homar}, Guillem and {Quint}, Bruno C. and {Ribeiro}, Tiago and {Roberts}, Austin and {Sebag}, Jacques and {Stalder}, Brian and {Siruno}, Kevin and {Sonaniskar}, Malhar and {Fanning}, Kevin and {Ferguson}, Peter and {Kub{\'a}nek}, Petr and {Thomas}, Sandrine J. and {Claver}, Chuck and {Clemens}, Andy W. and {Reil}, Kevin and {Mu{\~n}oz Arancibia}, Freddy and {Andrew}, John and {Ordenez Jimenez}, Ian E. and {Godoy}, Robinson and {Rivera}, Mario and {Park}, HyeYun and {Sanmartim}, David and {Venegas}, Paulina and {Aubel}, Karla and {Shugart}, Alysha and {Brescia}, Massimo and {Cabrera}, David and {Jimenez}, David and {Morales}, Carlos and {Fausti}, Angelo and {Gessner}, Chuck J. and {Owen}, Russel},
        title = "{The Vera C. Rubin's M2 support system integration and verification at the TMA}",
    booktitle = {Ground-based and Airborne Telescopes X},
         year = 2024,
       editor = {{Marshall}, Heather K. and {Spyromilio}, Jason and {Usuda}, Tomonori},
       series = {Society of Photo-Optical Instrumentation Engineers (SPIE) Conference Series},
       volume = {13094},
        month = aug,
          eid = {130942D},
        pages = {130942D},
          doi = {10.1117/12.3019210},
       adsurl = {https://ui.adsabs.harvard.edu/abs/2024SPIE13094E..2DR},
      adsnote = {Provided by the SAO/NASA Astrophysics Data System}
}



@INPROCEEDINGS{2024SPIE13094E..09S,
       author = {{Stalder}, Brian and {Munoz}, Freddy and {Aguilar}, Christian and {Araya}, Claudio and {Aubel}, Karla and {Barr}, Jeffrey and {Borstad}, Anthony and {Claver}, Charles and {Clements}, Andy W. and {Constanzo}, Julio and {Corvetto}, Giovanni and {Coughlin}, Eric and {Daruich}, Felipe and {Dennihy}, Erik and {Drass}, Holger and {Esteves}, Johnny and {F{\'a}brega}, Juan and {Fanning}, Kevin and {Ferguson}, Peter and {Fernandez}, Manuelangel Garcia and {Fernandez}, Miguel and {Fernandez Lobon}, Pelayo and {Fisher-Levine}, Merlin and {Gamundi}, Samuel Bellver and {Garcia}, Julen and {Gonzalez}, Ivan and {Harris}, Ronald and {Herrera}, Hernan and {Hoblitt}, Joshua and {Izpizua}, Alberto and {Jimenez Mejias}, David and {Johnson}, Brian and {Kang}, Yijung and {Kelkar}, Kshitija and {Lage}, Craig and {Lopez Toro}, Juan and {Maulen}, Guido and {Mills}, David and {Mills}, Neill and {Neill}, Doug and {Nunez}, Oscar and {Ordenes}, Ian and {Orellana}, Juan and {Park}, HyeYun and {Quint}, Bruno and {Reil}, Kevin and {Reinking}, Heinrich and {Reuter}, Michael and {Ribeiro}, Tiago and {Rojas}, Rodrigo and {Romero}, Sandra and {Romero Casas}, Francisco Manuel and {Sanmartim}, David and {Saunders}, Clare and {Schoening}, Bill and {Sebag}, Jacques and {Serrano}, Eduardo and {Shestakov}, Adrian and {Shugart}, Alysha and {Silva}, Christian and {Siruno}, Kevin and {Sotuela}, Ioana and {Tache}, Anthony and {Tapia}, Diego and {Thomas}, Sandrine and {Tighe}, Roberto and {Tsai}, Te-Wei and {Urbach}, Elana and {Vergara}, Luis and {Walter}, Christopher},
        title = "{Rubin Observatory Simonyi Survey Telescope integrated mount performance}",
    booktitle = {Ground-based and Airborne Telescopes X},
         year = 2024,
       editor = {{Marshall}, Heather K. and {Spyromilio}, Jason and {Usuda}, Tomonori},
       series = {Society of Photo-Optical Instrumentation Engineers (SPIE) Conference Series},
       volume = {13094},
        month = aug,
          eid = {1309409},
        pages = {1309409},
          doi = {10.1117/12.3019266},
       adsurl = {https://ui.adsabs.harvard.edu/abs/2024SPIE13094E..09S},
      adsnote = {Provided by the SAO/NASA Astrophysics Data System}
}



@dataset{2022yCat..19110109S,
       author = {{Stringer}, K.~M. and {Drlica-Wagner}, A. and {Macri}, L. and {Martinez-Vazquez}, C.~E. and {Vivas}, A.~K. and {Ferguson}, P. and {Pace}, A.~B. and {Walker}, A.~R. and {Neilsen}, E. and {Tavangar}, K. and {Wester}, W. and {Abbott}, T.~M.~C. and {Aguena}, M. and {Allam}, S. and {Bacon}, D. and {Bechtol}, K. and {Bertin}, E. and {Brooks}, D. and {Burke}, D.~L. and {Carnero Rosell}, A. and {Carrasco Kind}, M. and {Carretero}, J. and {Costanzi}, M. and {Crocce}, M. and {da Costa}, L.~N. and {Pereira}, M.~E.~S. and {de}, Vicente J. and {Desai}, S. and {Diehl}, H.~T. and {Doel}, P. and {Ferrero}, I. and {Garcia-Bellido}, J. and {Gaztanaga}, E. and {Gerdes}, D.~W. and {Gruen}, D. and {Gruendl}, R.~A. and {Gschwend}, J. and {Gutierrez}, G. and {Hinton}, S.~R. and {Hollowood}, D.~L. and {Honscheid}, K. and {Hoyle}, B. and {James}, D.~J. and {Kuehn}, K. and {Kuropatkin}, N. and {Li}, T.~S. and {Maia}, M.~A.~G. and {Marshall}, J.~L. and {Menanteau}, F. and {Miquel}, R. and {Morgan}, R. and {Ogando}, R.~L.~C. and {Palmese}, A. and {Paz-Chinchon}, F. and {Plazas}, A.~A. and {Roodman}, A. and {Sanchez}, E. and {Schubnell}, M. and {Serrano}, S. and {Sevilla-Noarbe}, I. and {Smith}, M. and {Soares-Santos}, M. and {Suchyta}, E. and {Tarle}, G. and {Thomas}, D. and {To}, C. and {Varga}, T.~N. and {Wilkinson}, R.~D. and {Zhang}, Y. and {The Des Collaboration}},
        title = "{VizieR Online Data Catalog: RR Lyrae variable stars in DES Y6 (Stringer+, 2021)}",
 howpublished = {VizieR On-line Data Catalog: J/ApJ/911/109. Originally published in: 2021ApJ...911..109S},
         year = 2022,
        month = oct,
          eid = {J/ApJ/911/109},
          doi = {10.26093/cds/vizier.19110109},
       adsurl = {https://ui.adsabs.harvard.edu/abs/2022yCat..19110109S},
      adsnote = {Provided by the SAO/NASA Astrophysics Data System}
}



@INPROCEEDINGS{2024SPIE13094E..51D,
       author = {{Daruich}, Felipe and {Aguilar}, Christian and {Andrew}, John and {Araya}, Claudio and {Aubel}, Karla and {Boutigny}, Dominique and {Bugueno}, Erich and {Clements}, Andy and {Colleoni}, Franco and {Daugherty}, Ken and {Ferguson}, Peter and {Fern{\'a}ndez}, Miguel and {Garc{\'\i}a}, Manuel and {Godoy}, Robinson and {Harris}, Ron and {Jeremie}, Andrea and {Johnson}, Brian and {Kang}, Yijung and {Kubanek}, Petr and {Lopez}, Juan and {Lopez}, Robert and {Neill}, Douglas and {Munoz}, Freddy and {Ordenes}, Ian and {Park}, HyeYun and {Pineiro}, Eddie and {Quint}, Bruno and {Rascon}, Mario and {Reeve}, Tom and {Ribeiro}, Tiago and {Rivera}, Mario and {Rodrigues}, Felipe and {Rojas}, Rodrigo and {Sanmartim}, David and {Sebag}, Jacques and {Shannon}, Troy and {Sonaniskar}, Malhar and {Sotuela}, Ioana and {Stalder}, Brian and {Tighe}, Roberto and {Thomas}, Sandrine and {Urban}, Jeff and {Vucina}, Tomislav and {Weinberger}, Stuart and {Zeller}, David},
        title = "{Rubin Observatory primary tertiary mirror cell assembly: final integration and commissioning}",
    booktitle = {Ground-based and Airborne Telescopes X},
         year = 2024,
       editor = {{Marshall}, Heather K. and {Spyromilio}, Jason and {Usuda}, Tomonori},
       series = {Society of Photo-Optical Instrumentation Engineers (SPIE) Conference Series},
       volume = {13094},
        month = aug,
          eid = {1309451},
        pages = {1309451},
          doi = {10.1117/12.3036881},
       adsurl = {https://ui.adsabs.harvard.edu/abs/2024SPIE13094E..51D},
      adsnote = {Provided by the SAO/NASA Astrophysics Data System}
}



@INPROCEEDINGS{2022SPIE12189E..0MG,
       author = {{Guy}, Leanne P. and {Bechtol}, Keith and {Carlin}, Jeffrey L. and {Dennihy}, Erik and {Ferguson}, Peter S. and {Krughoff}, K. Simon and {Lupton}, Robert H. and {Slater}, Colin T. and {Findeisen}, Krzysztof and {Kannawadi}, Arun and {Kelvin}, Lee S. and {Lust}, Nate B. and {MacArthur}, Lauren A. and {Martinez}, Michael N. and {Reed}, Sophie L. and {Taranu}, Dan S. and {Wood-Vasey}, W. Michael},
        title = "{Faro: a framework for measuring the scientific performance of petascale Rubin Observatory data products}",
     keywords = {Astrophysics - Instrumentation and Methods for Astrophysics},
    booktitle = {Software and Cyberinfrastructure for Astronomy VII},
         year = 2022,
       series = {Society of Photo-Optical Instrumentation Engineers (SPIE) Conference Series},
       volume = {12189},
        month = aug,
          eid = {121890M},
        pages = {121890M},
          doi = {10.1117/12.2628887},
archivePrefix = {arXiv},
       eprint = {2206.15447},
 primaryClass = {astro-ph.IM},
       adsurl = {https://ui.adsabs.harvard.edu/abs/2022SPIE12189E..0MG},
      adsnote = {Provided by the SAO/NASA Astrophysics Data System}
}



@dataset{2022yCat..51630018F,
       author = {{Ferguson}, P.~S. and {Shipp}, N. and {Drlica-Wagner}, A. and {Li}, T.~S. and {Cerny}, W. and {Tavangar}, K. and {Pace}, A.~B. and {Marshall}, J.~L. and {Riley}, A.~H. and {Adamow}, M. and {Carlin}, J.~L. and {Choi}, Y. and {Erkal}, D. and {James}, D.~J. and {Koposov}, S.~E. and {Kuropatkin}, N. and {Martinez-Vazquez}, C.~E. and {Mau}, S. and {Mutlu-Pakdil}, B. and {Olsen}, K.~A.~G. and {Sakowska}, J.~D. and {Stringfellow}, G.~S. and {Yanny}, B.},
        title = "{VizieR Online Data Catalog: Thin stellar stream on a retrograde orbit at 30kpc (Ferguson+, 2022)}",
 howpublished = {VizieR On-line Data Catalog: J/AJ/163/18. Originally published in: 2022AJ....163...18F},
         year = 2022,
        month = mar,
          eid = {J/AJ/163/18},
          doi = {10.26093/cds/vizier.51630018},
       adsurl = {https://ui.adsabs.harvard.edu/abs/2022yCat..51630018F},
      adsnote = {Provided by the SAO/NASA Astrophysics Data System}
}



@INPROCEEDINGS{2017IAUS..316..253C,
       author = {{Chiboucas}, Kristin and {Ferguson}, Peter and {Tully}, R. Brent and {Carter}, David and {Phillipps}, Steven and {Peng}, Eric},
        title = "{The UCD Population of the Coma Cluster}",
     keywords = {galaxies:star clusters, galaxies:dwarf, galaxies: clusters: individual (Coma)},
    booktitle = {Formation, Evolution, and Survival of Massive Star Clusters},
         year = 2017,
       editor = {{Charbonnel}, Corinne and {Nota}, Antonella},
       series = {IAU Symposium},
       volume = {316},
        month = mar,
        pages = {253-254},
          doi = {10.1017/S1743921315008893},
       adsurl = {https://ui.adsabs.harvard.edu/abs/2017IAUS..316..253C},
      adsnote = {Provided by the SAO/NASA Astrophysics Data System}
}



@INPROCEEDINGS{Ferguson:2018,
       author = {{Ferguson}, Peter and {DePoy}, D.~L. and {Schmidt}, L. and {Marshall}, J.~L. and {Prochaska}, T. and {Freeman}, Daniel and {Gardner}, Lawrence and {Gutierrez}, Isaac and {Kim}, Doyeon and {Kunnummal}, Zeeshan and {Sauseda}, Marcus and {Sharp}, Hugh and {Torregosa}, Michael},
        title = "{Development of TCal: a mobile spectrophotometric calibration unit for astronomical imaging systems}",
    booktitle = {Ground-based and Airborne Instrumentation for Astronomy VII},
         year = 2018,
       editor = {{Evans}, Christopher J. and {Simard}, Luc and {Takami}, Hideki},
       series = {Society of Photo-Optical Instrumentation Engineers (SPIE) Conference Series},
       volume = {10702},
        month = jul,
          eid = {107023A},
        pages = {107023A},
          doi = {10.1117/12.2313752},
       adsurl = {https://ui.adsabs.harvard.edu/abs/2018SPIE10702E..3AF},
      adsnote = {Provided by the SAO/NASA Astrophysics Data System}
}

@INPROCEEDINGS{Ferguson:2020,
       author = {{Ferguson}, P.~S. and {Barba}, L. and {DePoy}, D.~L. and {Schmidt}, L.~M. and {Marshall}, J.~L. and {Prochaska}, T. and {Bush}, L. and {Mason}, J. and {Sauseda}, M.},
        title = "{Further development and testing of TCal: a mobile spectrophotometric calibration unit for astronomical imaging systems}",
    booktitle = {Ground-based and Airborne Instrumentation for Astronomy VIII},
         year = 2020,
       editor = {{Evans}, Christopher J. and {Bryant}, Julia J. and {Motohara}, Kentaro},
       series = {Society of Photo-Optical Instrumentation Engineers (SPIE) Conference Series},
       volume = {11447},
        month = dec,
          eid = {114475U},
        pages = {114475U},
          doi = {10.1117/12.2562736},
       adsurl = {https://ui.adsabs.harvard.edu/abs/2020SPIE11447E..5UF},
      adsnote = {Provided by the SAO/NASA Astrophysics Data System}
}

