@INPROCEEDINGS{Ferguson:2018,
       author = {{Ferguson}, Peter and {DePoy}, D.~L. and {Schmidt}, L. and {Marshall}, J.~L. and {Prochaska}, T. and {Freeman}, Daniel and {Gardner}, Lawrence and {Gutierrez}, Isaac and {Kim}, Doyeon and {Kunnummal}, Zeeshan and {Sauseda}, Marcus and {Sharp}, Hugh and {Torregosa}, Michael},
        title = "{Development of TCal: a mobile spectrophotometric calibration unit for astronomical imaging systems}",
    booktitle = {Ground-based and Airborne Instrumentation for Astronomy VII},
         year = 2018,
       editor = {{Evans}, Christopher J. and {Simard}, Luc and {Takami}, Hideki},
       series = {Society of Photo-Optical Instrumentation Engineers (SPIE) Conference Series},
       volume = {10702},
        month = jul,
          eid = {107023A},
        pages = {107023A},
          doi = {10.1117/12.2313752},
       adsurl = {https://ui.adsabs.harvard.edu/abs/2018SPIE10702E..3AF},
      adsnote = {Provided by the SAO/NASA Astrophysics Data System}
}

@INPROCEEDINGS{Ferguson:2020,
       author = {{Ferguson}, P.~S. and {Barba}, L. and {DePoy}, D.~L. and {Schmidt}, L.~M. and {Marshall}, J.~L. and {Prochaska}, T. and {Bush}, L. and {Mason}, J. and {Sauseda}, M.},
        title = "{Further development and testing of TCal: a mobile spectrophotometric calibration unit for astronomical imaging systems}",
    booktitle = {Ground-based and Airborne Instrumentation for Astronomy VIII},
         year = 2020,
       editor = {{Evans}, Christopher J. and {Bryant}, Julia J. and {Motohara}, Kentaro},
       series = {Society of Photo-Optical Instrumentation Engineers (SPIE) Conference Series},
       volume = {11447},
        month = dec,
          eid = {114475U},
        pages = {114475U},
          doi = {10.1117/12.2562736},
       adsurl = {https://ui.adsabs.harvard.edu/abs/2020SPIE11447E..5UF},
      adsnote = {Provided by the SAO/NASA Astrophysics Data System}
}
@techreport{DMTN-277, 
  title        = {The Monster: A reference catalog with synthetic ugrizy-band fluxes for the Vera C. Rubin observatory},
  author       = {{Ferguson}, P.~S. and
                  {Rykoff}, Eli S. and
                  {Carlin}, Jeffrey L. and
                  {Saunders}, Clare and
                  {Parejko}, John K.},
  institution  = {{LSST Data Management}},
  type         = {{LSST Data Management Technical Note}},
  number       = {{DMTN-277}},
  month        = aug,
  year         = 2025,
  doi          = {10.71929/rubin/2583688},
  url          = {https://doi.org/10.71929/rubin/2583688}
}